2934 4700
115 276 121 337 t

231 323 304 387 vm
625 322 933 387 emmonim.

233 499 354 579 fuerit
383 500 692 608 emendandique
713 531 870 611 opernm
896 530 1020 581 meam
1043 498 1240 597 levaverit,
1269 500 1326 586 ni-

232 626 292 704 bil
316 625 456 704 attinet
488 624 630 703 dioere:
657 653 716 703 res
737 628 817 733 ipsa
836 626 996 706 docebit.
1046 630 1206 728 Quoties
1222 632 1326 709 enim

233 750 346 841 vitia,
371 750 513 854 quibus
539 751 846 842 Cantacuzenus‚
871 752 997 854 qualis
1021 754 1240 831 e.Parisino
1266 783 1326 832 co

232 873 319 950 dice
334 870 499 980 prodiit,
525 872 661 982 passim
679 876 907 978 inquinatus
922 894 993 966 est,
1013 874 1062 951 ad
1078 874 1196 955 huius
1210 878 1325 956 fidem

231 997 400 1090 correxi,
425 1014 495 1074 sut
524 998 556 1074 si
580 996 678 1102 quid
702 1026 857 1103 prorsus
881 999 1060 1076 omissum
1086 1021 1170 1078 erat
1192 1022 1323 1096 antea,

230 1124 324 1203 inde
352 1123 526 1231 suppleri
558 1140 597 1198 et
630 1122 841 1226 integritati
875 1150 965 1200 suae
989 1118 1162 1218 miltun
1192 1128 1324 1205 sedulo

230 1248 452 1328 faciendum
476 1248 625 1339 curavi,
659 1266 706 1325 ut
729 1248 892 1326 Parisini
917 1248 1009 1325 libri
1034 1245 1241 1327 dissensum
1266 1252 1325 1329 in·

231 1375 409 1467 dicarem.
461 1372 536 1449 Ubi
561 1371 766 1476 utriusque
795 1371 935 1451 codicis
970 1374 1175 1451 lectionem
1205 1401 1324 1452 anno

233 1518 353 1576 totam
378 1496 565 1602 reperies,
595 1494 650 1571 ibi
674 1497 785 1587 scito,
817 1495 924 1600 quod
955 1497 998 1572 in
1036 1515 1143 1573 textu
1163 1496 1321 1600 legitur,

232 1624 455 1701 coniectura
481 1651 503 1698 a
528 1646 589 1697 me
621 1619 842 1698 restitutum
866 1646 1196 1726 esse;quonq·uam
1219 1620 1260 1695 id
1284 1641 1324 1698 et

230 1746 451 1852 parcissime
474 1745 567 1832 feci,
589 1764 627 1820 et
650 1769 694 1819 ea
719 1770 883 1851 semper,
910 1763 954 1820 ut
980 1743 1120 1833 debui,
1142 1742 1321 1829 modera-

231 1869 354 1960 tione,
388 1888 435 1945 ut
472 1869 571 1946 nihil
599 1868 822 1972 quidquam·
848 1894 894 1943 ex
927 1871 1082 1974 ingenio
1113 1888 1319 1961 mutarem,

230 1991 304 2069 nisi
334 1992 404 2068 ubi
431 2018 489 2068 res
513 1993 718 2069 certissima
737 1991 943 2069 videretur.
995 1993 1105 2093 Quin
1136 1995 1252 2069 etiam
1277 1995 1319 2071 in

232 2140 278 2193 eo
303 2142 440 2218 genere
473 2115 664 2220 quaedam
695 2120 861 2210 servavi,
896 2143 996 2223 quae
1020 2145 1127 2195 nuno
1150 2134 1320 2193 correcta
1364 2216 1367 2224 Ι

231 2243 407 2331 ιοοΙΙοοι,
431 2243 541 2317 velut·
562 2268 598 2350 p.
623 2269 689 2333 οι,
717 2263 791 2341 19.,
817 2242 887 2317 ubi
912 2269 984 2349 pro
1006 2268 1072 2333 eo,
1097 2240 1203 2346 quod
1218 2259 1319 2315 uter·

231 2393 309 2471 que
333 2365 451 2443 codex
474 2365 592 2443 habet
611 2366 930 2462 προσιστάμενον,
943 2393 1023 2441 non
1042 2365 1196 2456 dubito,
1218 2366 1319 2468 quin

231 2487 516 2564 emendandum
532 2488 582 2562 sit
594 2486 883 2586 παριστάμενον.
908 2486 998 2563 Vid.
1022 2516 1057 2593 p.
1073 2516 1160 2588 ao7,
1175 2490 1207 2562 5.
1228 2493 1317 2589 237,

236 2638 291 2688 ιο.
340 2609 492 2687 Deinde
522 2607 769 2686 scribendum
801 2628 856 2686 est
886 2638 925 2715 p.
956 2615 1021 2701 80,
1054 2620 1087 2706 4.
1117 2638 1197 2686 non
1229 2606 1321 2681 θεοῦ

234 2735 541 2836 συναιροομένοο,
556 2732 620 2810 sed
647 2738 737 2805 bend
760 2737 1024 2834 ovsatpops‘vov
1034 2790 1045 2825 ,
1066 2738 1171 2812 utin
1188 2734 1321 2813 eadem

231 2860 399 2937 formula
422 2857 528 2966 apud
549 2875 723 2958 nostrum
741 2859 899 2962 saepius.
949 2861 1155 2964 Reliquum
1171 2879 1246 2948 est,
1273 2877 1319 2934 ut

232 3009 430 3077 moneam,
455 2980 651 3087 quidquid
670 2981 903 3059 variantium
929 2983 1141 3061 lectionum
1153 2984 1197 3061 in
1221 2982 1318 3060 duo·

232 3108 305 3183 bus
330 3106 525 3214 prioribus
549 3106 660 3184 libris
691 3103 812 3181 codex·
832 3106 1069 3182 Monacensis
1091 3105 1223 3194 habet,
1258 3106 1317 3185 in·

232 3250 378 3310 sertum
402 3232 452 3307 iri
476 3231 664 3310 volumini
690 3232 822 3328 tertio,
846 3229 951 3336 quod
972 3260 1058 3309 mox
1083 3231 1264 3338 prodibit.

330 3458 406 3533 Sor.
432 3458 587 3534 Bonnae
610 3434 726 3533 mens.
752 3456 874 3563 April.
896 3484 929 3533 a.
946 3462 1050 3536 1831.

627 3759 920 3770 -οι--ι--σ-
