2934 4700
214 263 295 346 312
607 278 887 347 Cth’hCUZElll

66 449 136 506 hc,
149 443 304 528 ritaedrqi
333 438 528 521 προσήκοντα
556 439 611 499 καί
639 427 751 520 ἄρχειν
779 435 955 518 όανόμενον
976 426 1100 512 οότιόν,
1129 432 1209 499 ἀλλὰ
1228 435 1295 506 ικαὶ

212 539 246 606 εἴ
260 564 329 603 τινα
349 539 471 602 ἐκείνου
493 538 610 615 πέμποι
629 538 742 622 ,πολλῷ
760 536 1022 620 καταδεέστερον,
1046 533 1195 610 δέξεσθαι
1213 554 1293 614 προ-

212 636 324 719 θόμως
350 634 405 699 καί
431 636 537 698 πᾶσαν
567 635 784 710 ἐπιδείξεσθαι
812 631 887 718 περὶ
910 630 966 698 τόν
994 634 1128 713 βασιλέα
1158 621 1295 694 εὔνοιαν.

211 740 345 803 τοιαῦτα
368 736 427 814 μὲν
454 735 509 796 καί
532 730 564 795 οἱ
589 733 623 795 ἐν
644 732 801 820 Θετταλίᾳ
829 726 1046 815 druuliam.
1086 727 1236 812 dunelmie
1256 731 1294 795 δέ

214 834 285 900 ἐπεὶ
305 832 437 897 πύθοιτο
462 825 523 894 οἷπό
549 829 612 895 τῶν
628 831 789 915 πρέσβεων
810 829 1061 911 ἐπανελθόντων,
1097 825 1216 911 ἐπεμπε
1235 826 1315 893 abab

212 931 345 1015 despair
357 926 505 1015 ’Ἄγγελον
521 928 688 1014 Ἰωάννην,
710 927 878 1017 ἐπίτροπον
898 925 981 995 εἶναι
1001 930 1184 1004 Θετταλίας.
1212 930 1292 993 πᾶσι

213 1038 249 1100 δὲ
270 1029 456 1116 βουλόμενος
476 1032 654 1115 καταφανὲς
673 1039 794 1115 ποιεῖν,
813 1031 858 1107 τός
871 1023 908 1094 ari
924 1033 1080 1112 βασιλέως
1097 1037 1164 1104 τοῖς
1183 1025 1293 1092 παισίν

212 1129 424 1213 ἐπιβουλεύων
443 1120 541 1213 ἤρατο
560 1127 616 1193 τόν
637 1127 870 1211 adhereamus*
889 1127 934 1204 oie
956 1128 1026 1193 οὐδ’
1049 1131 1080 1193 εί
1100 1131 1292 1213 περιγένοιτο

212 1233 268 1313 τῆς
291 1231 392 1314 ἀρχῆς
411 1224 540 1310 ἔγνωκεν
560 1227 764 1313 όποστερεϊν,
794 1227 865 1293 ἀλλ’
885 1225 948 1291 siud
979 1228 1143 1308 βασιλιόος
1171 1230 1292 1307 μᾶλλον

117 1324 311 1402 missadede
342 1327 519 1410 ἐπολεμήθη
551 1320 731 1410 ἀνθρώποις
764 1329 952 1411 πειθομένης
989 1324 1219 1411 συκοφάνταις,
1251 1321 1335 1412 τηῖτο

209 1426 346 1513 ’Λγγέλην
380 1423 460 1507 πρός
485 1423 543 1509 τὴν
573 1426 749 1501 Θετταλίας
775 1423 882 1511 ἀρχὴν
914 1423 1149 1509 χροσόβοολλον
1174 1424 1294 1503 ποιεῖν,

160 1509 167 1522 ’
210 1526 361 1610 βασιλίδα
375 1547 408 1588 τε
427 1528 628 1612 προσέγραφε
648 1527 704 1590 καί
721 1529 856 1607 βασιλέα
872 1518 1025 1609 Ἰωάννην
1043 1521 1098 1589 τόν
1119 1519 1201 1603 οἶόν,
1226 1517 1296 1587 σόα·

212 1648 247 1690 τε
267 1618 418 1709 Ἆγγελόν
452 1647 486 1689 τε
515 1622 570 1690 καί
608 1623 788 1700 Θετταλοός
815 1621 875 1708 τὴν
906 1622 1052 1689 δουλείαν
1080 1645 1115 1687 τε
1143 1623 1296 1696 κάκείνοις

214 1720 320 1807 ὥσπερ
352 1725 408 1787 καί
428 1716 514 1809 αότηῑ
543 1723 706 1806 ὁμολογεῖν
726 1722 919 1804 καὶμᾶλλον
938 1715 1292 1806 ἢπρότερονόπτίκειν.
1385 1743 1389 1748 ·

214 1818 234 1884 ό
255 1822 309 1885 καί
326 1822 382 1885 ἐπί
406 1823 517 1901 λέξεως
540 1816 624 1904 εἶχεν
646 1817 768 1898 οότως·
788 1820 855 1903 ,σός
880 1819 1029 1886 α’πόλοιιο
1058 1817 1077 1884 ό
1098 1816 1235 1904 φθόνος,
1255 1818 1333 1884 risi

211 1916 338 1984 πόντων
356 1923 417 1985 τεόν
436 1923 538 1985 κακῶν
559 1919 720 2006 χείριοτόν
740 1918 849 1985 τεκαὶ
868 1921 1078 2000 εἰδικώτατον,
1102 1914 1156 1999 όγε
1190 1920 1294 1994 κακοῖς

212 2017 297 2101 ἡμᾶς
313 2017 455 2101 ἀρχῆθεν
475 2017 593 2096 ἐξεόσας
612 2023 669 2104 τῆς
688 2014 848 2104 ἆκηρότον
869 2022 992 2103 τροφῆς
1011 2015 1100 2100 χειρί
1117 2017 1196 2080 θεοῦ
1213 2022 1293 2080 πλαὸ

214 2118 346 2192 οθέντας
366 2122 423 2181 καί
443 2114 522 2207 λόγῳ
542 2122 747 2204 τιμηθέντος,
779 2110 807 2181 ό
837 2119 892 2201 τῆς
918 2116 998 2199 όπὲρ
1027 2112 1119 2198 λόγον
1152 2114 1294 2199 χάριτος.

213 2215 314 2279 καίτοι
333 2215 411 2296 μετό
431 2216 488 2301 τήν
507 2221 567 2282 sori
585 2216 729 2302 χείρονος
749 2227 861 2302 πεῖραν
872 2266 882 2296 ,
906 2215 959 2279 ἵνα
978 2212 1115 2280 ouvelais·
1135 2213 1230 2296 εἴπω,
1263 2218 1294 2278 εἰ

213 2318 270 2397 τῆς
288 2314 409 2380 ἐνδίκου
431 2318 599 2401 καταδίκης
620 2317 737 2401 ἐκείνης
765 2308 845 2401 ἦμεν
870 2317 904 2380 ἐν
930 2310 1139 2397 σοναισθὴσει
1168 2316 1223 2379 καί
1252 2312 1336 2382 raino

188 2416 325 2495 Ββελτίω
346 2418 556 2499 ἐμελετῶμεν,
578 2410 635 2481 κόν
655 2411 839 2500 συγγνώμης
856 2413 1001 2497 τυχόντες
1022 2405 1121 2487 αὖθις
1151 2408 1192 2476 όν
1213 2406 1297 2495 ἦμεν

212 2516 247 2576 ἐν
266 2522 332 2589 τοῖς
352 2517 527 2598 προτέροις.
550 2515 622 2578 νυνί
640 2517 670 2578 δ’
689 2509 794 2598 ὥσπερ
817 2510 866 2597 μη’
887 2537 920 2578 τι
938 2509 1076 2596 χαλεπόν
1098 2511 1296 2595 πεπραχότες

208 2605 231 2694 ἢ
252 2614 437 2688 πεπονθότες
457 2616 491 2690 ἐξ
512 2614 682 2694 οἷβοολίας,
710 2607 732 2697 ἢ
752 2617 828 2695 γοῦν
848 2610 908 2678 lul
928 2614 986 2676 τοό
1006 2615 1120 2676 παθεῖν
1140 2611 1296 2690 οόμενοιῖν

209 2711 429 2793 διδαχθέντες,
448 2711 484 2776 τό
510 2709 549 2777 τό
572 2715 681 2778 aeona
701 2720 830 2799 φρονεῖν
859 2712 954 2776 οἱονεί
971 2709 1202 2801 παρηρημεθα,
1233 2708 1295 2793 πή-

211 2945 387 2997 couiunclum
413 2950 442 2996 et
466 2941 501 2995 ad
525 2943 671 3014 regendum
701 2942 850 2997 idoneum:
879 2942 928 2995 sed
959 2953 988 2997 et
1013 2945 1035 2997 si
1061 2944 1217 3013 quempiam
1243 2943 1294 2998 illo

211 3015 298 3068 multo
318 3015 474 3067 inferiorem
493 3016 597 3076 mittat,
616 3015 737 3067 libenter
766 3023 937 3083 suscepturos
970 3015 1197 3084 imperatorisque
1221 3030 1295 3067 sem·

211 3102 262 3156 per
280 3085 337 3136 fore
355 3082 551 3153 cupidissimos.
587 3085 666 3136 'l‘slis
687 3085 813 3137 Thessali
831 3084 1047 3154 responderunt:
1074 3101 1144 3154 quae
1162 3094 1194 3138 ut
1212 3101 1228 3136 a
1249 3087 1293 3138 la-
1348 3102 1354 3113 ¹

212 3156 281 3222 gatis
299 3159 411 3208 reversis
431 3157 579 3224 imperator
600 3156 721 3217 audivit,
747 3154 937 3207 consobrinum
956 3157 1083 3207 loannem
1108 3155 1239 3226 Angelum
1257 3156 1296 3209 sel

213 3226 360 3277 ineundam
386 3224 545 3277 Thessaliae
576 3226 774 3295 praefecturam
801 3226 883 3282 misit.
924 3224 1025 3277 Volens
1052 3234 1142 3277 autem
1168 3235 1293 3279 constare

211 3297 320 3363 palam,
351 3311 406 3348 non
432 3312 461 3347 se
487 3296 663 3349 insidiantem
687 3295 859 3365 imperatoris
884 3293 979 3348 liberis
999 3293 1101 3347 bellum
1125 3297 1293 3365 suscepisse:

211 3380 279 3425 nec,
295 3366 317 3417 si
337 3367 458 3417 vinceret
467 3402 475 3428 ,
496 3366 558 3417 illos
577 3368 690 3437 imperio
710 3368 816 3436 privare
834 3365 987 3427 statuisse,
1004 3365 1052 3418 sed
1070 3368 1163 3434 potius
1180 3367 1216 3418 ab
1233 3371 1292 3417 Au·

178 3444 181 3449 '
210 3441 303 3502 garsia,
333 3435 548 3505 mendaciloquis
567 3436 724 3488 hominibus
749 3436 829 3487 lidem
853 3435 1058 3498 commodante,
1079 3452 1108 3488 sc
1126 3438 1292 3505 oppugnari,

101 3496 106 3507 ⁸
209 3504 314 3574 Angeia
333 3512 445 3571 propter
465 3505 623 3559 'l'hessaliac
641 3508 859 3575 procurationem
879 3506 981 3558 bullam
998 3522 1109 3558 auream
1137 3507 1292 3559 faciundam

210 3581 240 3624 et
258 3576 436 3643 imperatricis
455 3591 485 3628 ac
502 3577 619 3637 loannis,
631 3579 688 3628 eius
713 3577 764 3628 filii
781 3578 961 3645 imperatoris,
974 3579 1085 3628 uomina
1104 3575 1222 3629 adscribi
1240 3593 1293 3627 cu·

210 3645 298 3705 rasit,
324 3651 354 3694 ut
372 3653 401 3694 et
418 3645 534 3713 Angelus
553 3653 582 3696 et
598 3647 722 3698 Thessali
752 3647 948 3699 subiectionem
966 3663 1053 3718 aeque
1080 3647 1146 3715 ipsis
1178 3655 1209 3697 ut
1234 3647 1290 3699 sibi

209 3716 404 3783 profiterentur
423 3718 562 3785 magisque
580 3717 615 3769 de
636 3725 726 3769 cetero
745 3716 895 3768 subessent
933 3718 1010 3769 llsrlla
1028 3718 1063 3768 sd
1083 3718 1194 3769 verbum
1222 3716 1291 3769 haec

213 3792 278 3834 erat
316 3786 423 3837 Utinam
443 3788 572 3839 malorum
592 3789 712 3837 omnium
737 3788 881 3855 pessimum
905 3788 1166 3857 nequissimumque,
1177 3788 1290 3850 invidia,

211 3854 377 3922 disperiret,
399 3872 469 3925 quae
489 3872 537 3907 nos
558 3858 605 3907 Dei
626 3859 800 3908 manufactos
835 3867 863 3910 et
887 3858 1070 3926 intelligentia
1089 3857 1235 3910 honoratos
1259 3858 1290 3923 (ο

211 3925 406 3994 inexplicabile
425 3928 537 3995 mainus)
556 3930 626 3979 male
653 3927 688 3977 ab
715 3928 796 3978 initio
820 3927 855 3976 ab
880 3928 1078 3979 immortalibus
1104 3929 1159 3979 illis
1183 3928 1291 3980 deliciis

211 3995 325 4063 expulit.
347 3993 518 4066 Quamquam
537 4000 559 4049 si
580 4007 640 4066 post
658 4005 768 4065 experta
786 3998 868 4059 mala,
886 4004 918 4048 ul
937 3998 1056 4050 breviter
1071 3998 1176 4059 dicam,
1190 4000 1291 4051 iustum

211 4064 287 4115 illam
314 4064 516 4119 damnationem
546 4067 625 4119 simul
652 4084 857 4136 agnosceremus
889 4069 1058 4137 melioraque
1082 4070 1290 4131 meditaremur,

212 4136 317 4186 veniam
336 4136 446 4205 adepti,
477 4138 505 4189 iu
523 4140 642 4206 priorem
663 4147 761 4189 statum
790 4139 1003 4194 restitueremur.
1038 4141 1074 4190 At
1099 4157 1186 4200 nuuc,
1211 4141 1292 4210 quasi

212 4205 249 4257 ob
268 4206 414 4261 amentiam
431 4206 504 4263 nihil
520 4210 633 4264 nouum
649 4207 756 4279 operati
777 4217 825 4262 aut
846 4209 985 4279 perpessis
1010 4210 1068 4263 sire
1091 4226 1125 4263 ex
1145 4225 1187 4273 co,
1213 4208 1291 4281 quod
