2934 4700
496 289 782 360 ιιιεεοιιιιιιιυιι
811 298 867 361 ιιι.
888 297 942 369 σε.
1177 269 1256 359 ιῦδ

167 449 325 534 βασιλέως
351 446 408 511 τοῦ
433 449 659 532 Παλαιαλόγου
683 448 781 532 δῆθεν
801 447 964 534 αἱρεῖσθαι
985 450 1205 533 πεπεισμένοι,
1227 448 1399 540 cimilia

165 552 226 632 μὲν
246 545 302 612 καί
317 544 394 622 τοῦς
413 544 886 629 κομίζονταβσυλλαμβάνοντες
905 544 973 631 ἅμα
996 557 1062 626 τοῖς
1072 546 1257 635 γράμμασιν

165 645 305 728 ἔπεμπον
325 647 372 721 εἰς
391 639 570 723 Βυζόντιον
585 647 761 728 δεσμώτας,
785 644 941 733 πρότερον
953 647 1176 732 γυμνώσαντες
1191 653 1255 716 τάν
1290 683 1295 690 ·

164 738 275 811 ὄντων.
317 737 385 808 δσοι
409 744 445 807 δὲ
465 740 660 828 μετριώτερα
680 746 867 827 usurpator
887 756 997 829 ποιεῖν,
1016 745 1055 813 τό
1076 749 1136 830 μὲν
1152 745 1256 833 γράμι

141 840 250 929 ὅματα
272 845 484 922 ἀπεωδοῦντο,
506 842 601 907 αὐτοὶ
620 845 656 909 δὲ
675 842 757 930 πρός
777 843 831 910 τόν
850 844 986 928 πόλεμον
1004 843 1256 931 παρεσκευάζον-

160 968 207 1026 το,
228 942 286 1027 οῦς,
310 937 353 1028 ἢν
371 944 456 1030 ἀπίῃ,
479 940 699 1025 ἀμυνούμενοι.
744 947 815 1010 ἐπεί
834 947 870 1011 δὲ
890 949 952 1011 τῶν
971 941 1167 1029 γραμμάτων
1179 949 1286 1009 πολ-(Ξ

160 1040 210 1109 λδ,
225 1042 354 1108 ἐκείνων
380 1043 427 1118 είς
446 1039 623 1121 Βυζάντιον
643 1043 858 1130 ἀπεκομιλτδη,
880 1042 909 1109 oi
927 1045 988 1127 μὲν
1007 1045 1081 1127 περὶ
1099 1046 1255 1130 πατριάρ-

160 1167 224 1228 W
253 1136 324 1208 όσοι
353 1139 509 1225 πρότερον
534 1140 613 1227 πρὸς
640 1145 793 1225 βασιλίδα
823 1147 879 1208 τοῦ
908 1139 1046 1227 μεγάλου
1068 1146 1253 1224 δομεστίκου

47 1279 50 1286 ·
161 1241 207 1318 τός
234 1246 454 1324 βασιλειιῦντος
483 1240 695 1326 κατηγόρουν,
723 1239 856 1329 ἔχαιρόν
878 1266 912 1308 τε
932 1245 989 1307 καί
1006 1253 1149 1309 παντοῖοι
1169 1236 1253 1329 η’σαν

119 1341 221 1428 1οῦφ’
235 1340 359 1425 ἡδονῆς.
400 1339 441 1405 τό
461 1364 494 1405 τε
513 1341 683 1426 γράμματα
702 1342 939 1425 ἐπιδεικνύντες,
963 1344 1043 1427 ,οῦκ
1065 1336 1152 1426 ἀρα”
1171 1340 1253 1430 ἔφα-

161 1464 225 1505 σαν
253 1438 362 1523 ,ἡμεῖς
393 1442 457 1504 τῶν
484 1438 663 1521 μελλόντων
691 1444 783 1506 κακοί
801 1440 919 1527 κριταί,
940 1444 1007 1506 ἀλλ’
1027 1444 1124 1506 αότοί
1139 1464 1174 1506 τε
1197 1440 1253 1505 εό-

160 1535 283 1621 στόχως
310 1535 611 1620 κατεστοχασάμεδα
635 1540 690 1622 τῆς
709 1536 846 1624 γνιόμης,
867 1539 1009 1617 κάκεῖνος
1028 1544 1132 1618 καλῶς
1152 1542 1253 1604 ποιοῦν

159 1635 216 1701 ἐπὶ
232 1640 294 1701 τιῦν
313 1634 413 1720 ἔργων
433 1634 534 1713 stole
553 1637 714 1715 ἀπέδειξεν
734 1638 899 1723 εἰρηκότας
920 1636 1058 1725 isqui?
1098 1637 1198 1706 πολλιό
1215 1660 1251 1703 τε

154 1737 203 1810 εἷς
221 1739 338 1800 ἐκεῖνον
356 1737 530 1822 βλάσφημα
549 1736 755 1802 ἀπέσκωπτον
775 1738 922 1823 ἀναίδην,
942 1743 999 1804 καί
1017 1742 1092 1805 οῦδὲ
1112 1741 1176 1806 τῶν
1198 1738 1251 1804 αἷ-

119 1837 298 1917 stellatus
325 1828 516 1916 ἀπεχόμενοι
538 1832 618 1920 πρός
637 1834 742 1918 ὕβριν.
792 1838 849 1902 καί
868 1835 886 1926 η
907 1841 1033 1922 βασιλίς
1053 1841 1088 1903 δὲ
1110 1832 1170 1922 ἤδη
1192 1859 1250 1901 πε-

153 1936 306 2018 πεισμένη
327 1937 474 2013 πολέμιον
492 1938 679 2020 γεγενῆσθαι
699 1933 756 2000 τόν
775 1940 875 2021 μέγαν
891 1939 1073 2019 δομὲστικον
1091 1940 1247 2023 φανερῶς,

151 2033 187 2099 ἐκ
207 2034 273 2097 τῶν
295 2030 488 2116 γραμμάτων
507 2036 634 2098 ἐκείνων
655 2034 744 2116 ὀλίγα
766 2030 846 2099 ἅττα
865 2032 986 2117 ἔπεμπε
1001 2040 1042 2124 τῇ
1054 2037 1155 2120 μητρί
1166 2032 1245 2098 susci

150 2129 208 2216 τὴν
234 2132 338 2197 οἰκίαν
369 2136 614 2218 φρουρεομένη,
649 2127 700 2199 οἷα
728 2129 856 2218 δράοειε
883 2140 1101 2218 κατηγοροῦσα
1127 2135 1144 2197 δ
1167 2129 1248 2208 υἱός.

149 2233 254 2316 ἐκείνη
277 2233 313 2296 δὲ
332 2232 430 2315 μηδὲν
450 2227 569 2315 ἔφασκε
591 2229 673 2317 πρός
697 2227 798 2314 αότην
817 2231 891 2310 τοός
904 2231 1014 2316 λόγους
1027 2227 1120 2297 εἶναι.
1161 2232 1275 2316 πρό-ὓ

108 2354 240 2417 οοτερον
266 2326 327 2417 γὰρ
357 2331 470 2416 ἐχρῆν,
502 2326 594 2414 ἡνίκα
616 2334 675 2395 τοῦ
703 2330 777 2396 υἱοῦ
805 2329 1007 2418 κατηγόρουν,
1040 2330 1119 2417 πρός
1142 2328 1242 2417 αὐτόν

147 2428 187 2497 τά
216 2428 396 2517 ἐγκλήματα
424 2434 548 2517 δηλοῦν.
602 2422 703 2516 ἦγάρ
732 2425 772 2497 δν
800 2436 862 2497 τάν
881 2434 1052 2515 γινομένων
1072 2435 1129 2499 νῦν
1147 2434 1240 2496 οῦδὲν

147 2533 277 2614 συνέβη,
299 2524 370 2594 ἀλλ’
389 2528 469 2615 ῦπὲρ
492 2533 590 2615 ου’τῆς
612 2554 646 2595 τε
667 2533 722 2594 καί
742 2535 803 2596 ταῖν
823 2533 956 2612 παίδων,
978 2527 1026 2594 ἔτι
1048 2533 1084 2598 δὲ
1107 2530 1163 2596 καί
1180 2534 1240 2597 τοῦ

141 2629 323 2711 Ῥωμαϊκοῦ
352 2628 486 2713 παντός,
516 2630 619 2695 πάντα
638 2624 678 2696 ἀν
698 2631 915 2719 κατεπράξατο
934 2626 973 2696 τὰ
990 2632 1138 2713 βέλτιστα
1158 2630 1239 2718 πρός

217 2813 243 2867 8.
258 2805 327 2866 aeri
345 2820 409 2867 ante
427 2813 481 2867 τοῦ
500 2810 563 2867 add.
578 2813 615 2867 ld.
635 2830 686 2885 mg.

142 2954 255 3015 sentes,
284 2966 353 3005 nors
378 2949 501 3003 molituri
529 2948 707 3012 ridebantur,
740 2951 766 3001 si
795 2958 903 3019 tenpus
927 2953 1001 3005 nacti
1028 2961 1128 3006 essent.
1174 2951 1233 3020 Qui

145 3036 209 3074 sero
232 3023 310 3091 prins
334 3021 369 3074 ad
388 3020 579 3089 Palaeolognnr
602 3019 772 3093 sequendum
797 3020 909 3089 pellecti
937 3029 1033 3085 erant,
1057 3038 1151 3074 eorum
1182 3025 1231 3076 rlii

140 3089 304 3145 tabellarios
321 3091 530 3174 comprehensos
548 3098 606 3142 ets
627 3092 726 3143 oliatos
746 3107 808 3144 cum
828 3092 928 3144 litteris
948 3095 1105 3161 Byzantium
1124 3095 1230 3147 vinctos

139 3161 299 3215 mittebant
335 3161 405 3226 Alii,
430 3161 532 3232 quibus
549 3107 732 3215 moslleratiora
749 3161 910 3231 placebunt,
940 3163 1046 3215 litteras
1070 3172 1231 3218 contemne·

139 3228 225 3295 bant,
254 3246 370 3302 seseque
394 3231 428 3285 ad
447 3232 642 3295 resistendum,
667 3233 690 3283 si
707 3229 919 3297 invaderentur,
943 3233 1145 3303 comparabant
1165 3235 1231 3287 Plu·

138 3300 215 3355 ribos
243 3302 436 3356 huiuscemodi
465 3303 589 3373 epistolis
614 3303 772 3370 Byzantium
802 3304 909 3366 allatis,
937 3303 1092 3373 patriarcha
1114 3312 1143 3356 et
1169 3308 1229 3358 eius

137 3373 222 3437 socii,
249 3373 300 3443 qul
317 3388 406 3442 nuper
424 3389 549 3444 magnum
567 3372 747 3425 domesticum
767 3374 840 3442 apud
858 3375 1055 3443 imperatricem
1076 3375 1229 3443 tyrannidis

136 3446 281 3496 ademtae
299 3453 472 3507 accusarant,
493 3445 640 3512 omnigena
654 3445 796 3513 voluptate
818 3444 1037 3499 bacchabantur:
1067 3447 1230 3518 litterasque

135 3512 255 3567 invicem
279 3521 464 3578 ostentantes,
490 3512 553 3565 Non
577 3515 676 3583 igitur,
705 3514 884 3585 inquiebant,
913 3516 985 3569 male
1010 3517 1230 3587 ruminabamur,

135 3583 232 3638 dextre
250 3593 370 3637 mentem
396 3586 455 3636 eius
481 3585 711 3647 coniectarimus,
734 3585 850 3656 ipseque
868 3603 919 3638 nos
936 3604 998 3641 vera
1018 3587 1124 3639 locutos
1142 3603 1227 3659 opere

134 3656 228 3707 statim
246 3653 362 3727 pulchre
384 3655 586 3708 demonstrarit
623 3655 768 3725 Multaque
786 3655 816 3709 in
834 3656 913 3709 illurn
925 3658 1046 3742 probra,
1063 3659 1145 3710 etiarn
1165 3669 1224 3712 tnr-

131 3727 265 3795 pissima,
288 3724 323 3777 ad
340 3727 470 3778 maiorem
495 3726 689 3777 contumeliam
713 3727 896 3781 inverecunde
924 3728 1128 3799 intorquebant
1165 3731 1223 3783 Au·

132 3804 211 3864 gusta
236 3797 292 3849 ianr
316 3797 440 3859 credens,
458 3812 584 3863 maguum
606 3795 785 3848 domesticum
803 3806 927 3869 apertum
955 3815 1014 3851 esse
1041 3798 1163 3864 hostem,
1187 3799 1222 3851 de

21 3922 22 3939 η
130 3865 234 3921 litteris
251 3866 308 3919 illis
325 3882 427 3937 paucas
444 3865 572 3938 qrrasdun
592 3866 629 3919 ad
645 3868 731 3935 ipsias
750 3876 879 3932 matrem,
906 3883 975 3940 quac
994 3870 1067 3922 domi
1085 3870 1222 3925 custodie·

132 3934 231 4003 batur,
248 3939 340 4001 misit,
357 3947 388 3990 ut
406 3937 493 3989 lilium
509 3938 568 3988 cius
587 3939 746 3989 certissimis
760 3937 891 3991 videlicet
902 3938 1021 3993 testibus
1037 3946 1220 3993 convinceret.

131 4005 181 4060 Illa
198 4007 358 4078 respondit,
386 4007 435 4060 hos
463 4022 600 4059 sermones
628 4008 699 4060 nihil
717 4018 811 4059 contra
836 4025 864 4060 se
889 4009 986 4061 velere.
1025 4012 1102 4066 Prius
1131 4012 1218 4069 enirn,

132 4092 191 4130 enar
209 4080 284 4131 lilius
311 4078 385 4149 apud
403 4094 461 4129 earn
482 4093 543 4129 reus
568 4088 706 4145 ageretur,
734 4079 848 4130 crimina
875 4079 1052 4133 demonstrari
1072 4082 1218 4132 richoino:

132 4148 170 4199 ila
188 4151 313 4220 proiecto
338 4148 409 4201 nihil
432 4147 528 4201 horsum
546 4151 691 4211 evenisset,
716 4150 859 4219 ipsamque
876 4166 926 4219 pro
946 4168 974 4203 se
991 4161 1019 4203 et
1038 4151 1122 4213 liliis,
1141 4153 1218 4199 insu·

128 4234 180 4290 per
196 4237 247 4293 pao
264 4228 325 4273 toto
345 4219 465 4273 Romano
490 4218 606 4290 imperio
623 4219 754 4271 salutaria
771 4235 898 4291 quaeque
919 4221 954 4273 ab
983 4237 1015 4274 eo
1042 4222 1217 4275 obtenturam
