<?xml version="1.0" encoding="UTF-8"?>
<!DOCTYPE html PUBLIC "-//W3C//DTD XHTML 1.0 Transitional//EN"
    "http://www.w3.org/TR/xhtml1/DTD/xhtml1-transitional.dtd">
<html xmlns="http://www.w3.org/1999/xhtml" xml:lang="en" lang="en">
 <head>
  <title>
</title>
<meta http-equiv="Content-Type" content="text/html;charset=utf-8" />
  <meta name='ocr-system' content='tesseract 3.04.00' />
  <meta name='ocr-capabilities' content='ocr_page ocr_carea ocr_par ocr_line ocrx_word'/>
</head>
<body>
  <div class='ocr_page' id='page_1' title='image "./ioanniscantacuz02joangoog_0112.png"; bbox 0 0 2934 4700; ppageno 0'>
   <div class='ocr_carea' id='block_1_1' title="bbox 266 326 940 441">
    <p class='ocr_par' dir='ltr' id='par_1_1' title="bbox 266 326 940 441">
     <span class='ocr_line' id='line_1_1' title="bbox 266 326 940 441; baseline -0.006 -27"><span class='ocrx_word' id='word_1_1' title='bbox 266 326 325 441; x_wconf 86' lang='lat'>98</span> <span class='ocrx_word' id='word_1_2' title='bbox 659 346 940 414; x_wconf 73' lang='lat' dir='ltr'>csmlcuzmtr</span> 
     </span>
    </p>
   </div>
   <div class='ocr_carea' id='block_1_2' title="bbox 120 498 1433 2777">
    <p class='ocr_par' dir='ltr' id='par_1_2' title="bbox 120 498 1433 2777">
     <span class='ocr_line' id='line_1_2' title="bbox 120 498 1348 596; baseline -0.006 -24"><span class='ocrx_word' id='word_1_3' title='bbox 120 516 182 572; x_wconf 74' lang='lat' dir='ltr'>sc</span> <span class='ocrx_word' id='word_1_4' title='bbox 196 518 256 588; x_wconf 69' lang='lat' dir='ltr'>stt·</span> <span class='ocrx_word' id='word_1_5' title='bbox 268 530 334 596; x_wconf 87' lang='grc' dir='ltr'><strong><em>ραις</em></strong></span> <span class='ocrx_word' id='word_1_6' title='bbox 355 502 417 570; x_wconf 77' lang='lat' dir='ltr'>sini</span> <span class='ocrx_word' id='word_1_7' title='bbox 435 505 609 587; x_wconf 69' lang='grc' dir='ltr'><strong><em>βασκανίας</em></strong></span> <span class='ocrx_word' id='word_1_8' title='bbox 637 502 738 587; x_wconf 79' lang='grc' dir='ltr'><strong><em>μηδὲν</em></strong></span> <span class='ocrx_word' id='word_1_9' title='bbox 769 499 926 564; x_wconf 74' lang='grc' dir='ltr'><em>ἀδικοῦντι</em></span> <span class='ocrx_word' id='word_1_10' title='bbox 956 498 1146 580; x_wconf 71' lang='grc' dir='ltr'><strong><em>πολεμοῦσιν</em></strong></span> <span class='ocrx_word' id='word_1_11' title='bbox 1163 498 1236 580; x_wconf 80' lang='grc' dir='ltr'><strong><em>έμοδ</em></strong></span> <span class='ocrx_word' id='word_1_12' title='bbox 1251 522 1348 584; x_wconf 89' lang='grc' dir='ltr'><strong><em>προσ-</em></strong></span> 
     </span>
     <span class='ocr_line' id='line_1_3' title="bbox 267 592 1349 689; baseline -0.008 -16"><span class='ocrx_word' id='word_1_13' title='bbox 267 611 376 689; x_wconf 78' lang='grc' dir='ltr'><strong><em>νειμας</em></strong></span> <span class='ocrx_word' id='word_1_14' title='bbox 409 602 544 684; x_wconf 75' lang='grc' dir='ltr'><strong><em>ἑαυτόν,</em></strong></span> <span class='ocrx_word' id='word_1_15' title='bbox 588 602 659 686; x_wconf 87' lang='grc' dir='ltr'><strong><em>τόγε</em></strong></span> <span class='ocrx_word' id='word_1_16' title='bbox 688 604 734 677; x_wconf 82' lang='grc' dir='ltr'>εἰς</span> <span class='ocrx_word' id='word_1_17' title='bbox 767 596 853 681; x_wconf 70' lang='grc' dir='ltr'><strong><em>ὑμᾶς</em></strong></span> <span class='ocrx_word' id='word_1_18' title='bbox 880 592 955 683; x_wconf 80' lang='grc' dir='ltr'><strong><em>ἧκον</em></strong></span> <span class='ocrx_word' id='word_1_19' title='bbox 983 597 1023 663; x_wconf 78' lang='grc' dir='ltr'><strong><em>τὰ</em></strong></span> <span class='ocrx_word' id='word_1_20' title='bbox 1051 595 1169 681; x_wconf 80' lang='grc' dir='ltr'><strong><em>ἔσχατα</em></strong></span> <span class='ocrx_word' id='word_1_21' title='bbox 1200 599 1349 664; x_wconf 66' lang='lat' dir='ltr'>tritecto</span> 
     </span>
     <span class='ocr_line' id='line_1_4' title="bbox 242 695 1349 784; baseline -0.006 -13"><span class='ocrx_word' id='word_1_22' title='bbox 242 705 358 777; x_wconf 80' lang='grc' dir='ltr'><strong><em>Βκακό.</em></strong></span> <span class='ocrx_word' id='word_1_23' title='bbox 400 704 437 770; x_wconf 88' lang='grc' dir='ltr'>τι’</span> <span class='ocrx_word' id='word_1_24' title='bbox 459 695 516 768; x_wconf 82' lang='grc' dir='ltr'><strong><em>οόν</em></strong></span> <span class='ocrx_word' id='word_1_25' title='bbox 541 698 621 784; x_wconf 89' lang='grc' dir='ltr'><strong><em>πρός</em></strong></span> <span class='ocrx_word' id='word_1_26' title='bbox 650 703 753 765; x_wconf 80' lang='grc' dir='ltr'><strong><em>ταῦτα</em></strong></span> <span class='ocrx_word' id='word_1_27' title='bbox 775 701 855 781; x_wconf 73' lang='lat' dir='ltr'>scripti</span> <span class='ocrx_word' id='word_1_28' title='bbox 882 696 937 762; x_wconf 99' lang='grc' dir='ltr'><strong><em>καί</em></strong></span> <span class='ocrx_word' id='word_1_29' title='bbox 957 700 1153 763; x_wconf 71' lang='grc' dir='ltr'><strong><em>διανοεῖσθαι</em></strong></span> <span class='ocrx_word' id='word_1_30' title='bbox 1173 696 1228 761; x_wconf 91' lang='grc' dir='ltr'><strong><em>καί</em></strong></span> <span class='ocrx_word' id='word_1_31' title='bbox 1246 706 1349 764; x_wconf 73' lang='grc' dir='ltr'><strong><em>ποιεῖν</em></strong></span> 
     </span>
     <span class='ocr_line' id='line_1_5' title="bbox 267 789 1346 891; baseline -0.013 -18"><span class='ocrx_word' id='word_1_32' title='bbox 267 810 373 891; x_wconf 73' lang='grc' dir='ltr'><strong><em>ἐχρῆν,</em></strong></span> <span class='ocrx_word' id='word_1_33' title='bbox 391 799 596 889; x_wconf 73' lang='grc' dir='ltr'><strong><em>ἢπειριῖοδαι</em></strong></span> <span class='ocrx_word' id='word_1_34' title='bbox 615 798 778 882; x_wconf 78' lang='grc' dir='ltr'><em>βλάπτειν,</em></span> <span class='ocrx_word' id='word_1_35' title='bbox 800 794 840 862; x_wconf 76' lang='grc' dir='ltr'><strong><em>δν</em></strong></span> <span class='ocrx_word' id='word_1_36' title='bbox 861 789 926 882; x_wconf 73' lang='grc' dir='ltr'><strong><em>ι’όρα</em></strong></span> <span class='ocrx_word' id='word_1_37' title='bbox 946 822 976 862; x_wconf 92' lang='grc' dir='ltr'>τι</span> <span class='ocrx_word' id='word_1_38' title='bbox 998 795 1213 878; x_wconf 72' lang='grc' dir='ltr'><strong><em>δύνωμαικαὶ</em></strong></span> <span class='ocrx_word' id='word_1_39' title='bbox 1232 795 1346 878; x_wconf 85' lang='grc' dir='ltr'><strong><em>αότός,·</em></strong></span> 
     </span>
     <span class='ocr_line' id='line_1_6' title="bbox 265 890 1369 986; baseline -0.009 -14"><span class='ocrx_word' id='word_1_40' title='bbox 265 912 295 972; x_wconf 78' lang='grc' dir='ltr'>ιε’</span> <span class='ocrx_word' id='word_1_41' title='bbox 316 909 347 971; x_wconf 88' lang='grc' dir='ltr'>δ’</span> <span class='ocrx_word' id='word_1_42' title='bbox 367 903 529 969; x_wconf 73' lang='grc' dir='ltr'><strong><em>ἐπὶτοῦτο</em></strong></span> <span class='ocrx_word' id='word_1_43' title='bbox 542 900 739 986; x_wconf 76' lang='grc' dir='ltr'><strong><em>ἐτραπόμην,</em></strong></span> <span class='ocrx_word' id='word_1_44' title='bbox 763 902 800 963; x_wconf 86' lang='grc' dir='ltr'><strong><em>τι’</em></strong></span> <span class='ocrx_word' id='word_1_45' title='bbox 813 896 922 964; x_wconf 86' lang='grc' dir='ltr'><strong><em>λοιπόν</em></strong></span> <span class='ocrx_word' id='word_1_46' title='bbox 941 892 1001 981; x_wconf 73' lang='grc' dir='ltr'><strong><em>ἦν,</em></strong></span> <span class='ocrx_word' id='word_1_47' title='bbox 1022 890 1044 981; x_wconf 80' lang='grc' dir='ltr'><em>ἢ</em></span> <span class='ocrx_word' id='word_1_48' title='bbox 1065 899 1101 962; x_wconf 80' lang='grc' dir='ltr'>σέ</span> <span class='ocrx_word' id='word_1_49' title='bbox 1122 894 1181 980; x_wconf 74' lang='grc' dir='ltr'>τόν</span> <span class='ocrx_word' id='word_1_50' title='bbox 1193 892 1369 981; x_wconf 73' lang='grc' dir='ltr'><strong><em>προτέρανό</em></strong></span> 
     </span>
     <span class='ocr_line' id='line_1_7' title="bbox 264 988 1349 1091; baseline -0.008 -21"><span class='ocrx_word' id='word_1_51' title='bbox 264 1012 393 1091; x_wconf 72' lang='grc' dir='ltr'><strong><em>θρηνεῖν</em></strong></span> <span class='ocrx_word' id='word_1_52' title='bbox 420 1001 640 1082; x_wconf 78' lang='grc' dir='ltr'><strong><em>εόδαιμσνόαν,</em></strong></span> <span class='ocrx_word' id='word_1_53' title='bbox 669 991 779 1081; x_wconf 76' lang='grc' dir='ltr'><strong><em>ἄτιμον</em></strong></span> <span class='ocrx_word' id='word_1_54' title='bbox 807 1000 956 1083; x_wconf 70' lang='grc' dir='ltr'><strong><em>ἐξαίφνης</em></strong></span> <span class='ocrx_word' id='word_1_55' title='bbox 978 994 1034 1060; x_wconf 94' lang='grc' dir='ltr'><strong><em>καί</em></strong></span> <span class='ocrx_word' id='word_1_56' title='bbox 1059 988 1178 1080; x_wconf 82' lang='grc' dir='ltr'><strong><em>όπορον</em></strong></span> <span class='ocrx_word' id='word_1_57' title='bbox 1198 994 1349 1080; x_wconf 79' lang='grc' dir='ltr'>περιόντα</span> 
     </span>
     <span class='ocr_line' id='line_1_8' title="bbox 265 1088 1350 1187; baseline -0.01 -17"><span class='ocrx_word' id='word_1_58' title='bbox 265 1108 299 1170; x_wconf 84' lang='grc' dir='ltr'>εἰι</span> <span class='ocrx_word' id='word_1_59' title='bbox 319 1104 438 1187; x_wconf 79' lang='grc' dir='ltr'><strong><em>μεγάλα</em></strong></span> <span class='ocrx_word' id='word_1_60' title='bbox 463 1101 661 1182; x_wconf 71' lang='grc' dir='ltr'><strong><em>δυναμένους</em></strong></span> <span class='ocrx_word' id='word_1_61' title='bbox 690 1102 781 1163; x_wconf 81' lang='grc' dir='ltr'><strong><em>τοῦτο</em></strong></span> <span class='ocrx_word' id='word_1_62' title='bbox 800 1101 861 1178; x_wconf 82' lang='grc' dir='ltr'><strong><em>μὲν</em></strong></span> <span class='ocrx_word' id='word_1_63' title='bbox 879 1088 936 1161; x_wconf 86' lang='grc' dir='ltr'><strong><em>οόν</em></strong></span> <span class='ocrx_word' id='word_1_64' title='bbox 957 1098 1032 1176; x_wconf 78' lang='grc' dir='ltr'><strong><em>ἐμοί</em></strong></span> <span class='ocrx_word' id='word_1_65' title='bbox 1049 1118 1083 1160; x_wconf 86' lang='grc' dir='ltr'>τε</span> <span class='ocrx_word' id='word_1_66' title='bbox 1102 1097 1164 1160; x_wconf 74' lang='grc' dir='ltr'>τῶν</span> <span class='ocrx_word' id='word_1_67' title='bbox 1184 1093 1269 1160; x_wconf 89' lang='grc' dir='ltr'><strong><em>πόνυ</em></strong></span> <span class='ocrx_word' id='word_1_68' title='bbox 1291 1093 1350 1184; x_wconf 69' lang='grc' dir='ltr'><strong><em>ῥηι-</em></strong></span> 
     </span>
     <span class='ocr_line' id='line_1_9' title="bbox 266 1186 1349 1286; baseline -0.008 -18"><span class='ocrx_word' id='word_1_69' title='bbox 266 1205 342 1268; x_wconf 75' lang='grc' dir='ltr'><strong><em>δόονν</em></strong></span> <span class='ocrx_word' id='word_1_70' title='bbox 374 1193 413 1286; x_wconf 75' lang='grc' dir='ltr'><strong><em>ἦν</em></strong></span> <span class='ocrx_word' id='word_1_71' title='bbox 444 1200 498 1264; x_wconf 76' lang='grc' dir='ltr'><strong><em>καὶ</em></strong></span> <span class='ocrx_word' id='word_1_72' title='bbox 528 1195 623 1272; x_wconf 78' lang='grc' dir='ltr'><strong><em>αὐτός</em></strong></span> <span class='ocrx_word' id='word_1_73' title='bbox 644 1189 686 1260; x_wconf 74' lang='grc' dir='ltr'><strong><em>όν</em></strong></span> <span class='ocrx_word' id='word_1_74' title='bbox 709 1194 853 1270; x_wconf 79' lang='grc' dir='ltr'><strong><em>δικάσαις</em></strong></span> <span class='ocrx_word' id='word_1_75' title='bbox 873 1196 998 1282; x_wconf 73' lang='grc' dir='ltr'><strong><em>σεαυτῷ</em></strong></span> <span class='ocrx_word' id='word_1_76' title='bbox 1028 1194 1070 1270; x_wconf 89' lang='grc' dir='ltr'>ιός</span> <span class='ocrx_word' id='word_1_77' title='bbox 1087 1191 1239 1260; x_wconf 76' lang='grc' dir='ltr'><strong><em>τοιούτων</em></strong></span> <span class='ocrx_word' id='word_1_78' title='bbox 1259 1186 1349 1279; x_wconf 68' lang='grc' dir='ltr'><strong><em>ἦσθα</em></strong></span> 
     </span>
     <span class='ocr_line' id='line_1_10' title="bbox 264 1291 1348 1380; baseline -0.008 -13"><span class='ocrx_word' id='word_1_79' title='bbox 264 1301 320 1367; x_wconf 74' lang='grc' dir='ltr'><strong><em>καὶ</em></strong></span> <span class='ocrx_word' id='word_1_80' title='bbox 337 1299 489 1365; x_wconf 85' lang='grc' dir='ltr'><strong><em>πλειόνων</em></strong></span> <span class='ocrx_word' id='word_1_81' title='bbox 509 1292 597 1374; x_wconf 76' lang='grc' dir='ltr'><strong><em>ι’έξιος</em></strong></span> <span class='ocrx_word' id='word_1_82' title='bbox 616 1299 673 1380; x_wconf 76' lang='grc' dir='ltr'>τῆς</span> <span class='ocrx_word' id='word_1_83' title='bbox 693 1293 888 1380; x_wconf 70' lang='grc' dir='ltr'><strong><em>πανουργίας</em></strong></span> <span class='ocrx_word' id='word_1_84' title='bbox 908 1291 1088 1365; x_wconf 78' lang='grc' dir='ltr'><strong><em>ἀπολαύειν.</em></strong></span> <span class='ocrx_word' id='word_1_85' title='bbox 1114 1294 1175 1378; x_wconf 83' lang='grc' dir='ltr'><strong><em>ε’γιό</em></strong></span> <span class='ocrx_word' id='word_1_86' title='bbox 1197 1297 1224 1358; x_wconf 87' lang='grc' dir='ltr'>δ’</span> <span class='ocrx_word' id='word_1_87' title='bbox 1245 1294 1348 1376; x_wconf 84' lang='grc' dir='ltr'><strong><em>έμαν-</em></strong></span> 
     </span>
     <span class='ocr_line' id='line_1_11' title="bbox 262 1385 1391 1490; baseline -0.009 -24"><span class='ocrx_word' id='word_1_88' title='bbox 262 1405 307 1490; x_wconf 76' lang='grc' dir='ltr'><strong><em>τῷ</em></strong></span> <span class='ocrx_word' id='word_1_89' title='bbox 328 1405 443 1485; x_wconf 81' lang='grc' dir='ltr'><strong><em>πολλῆς</em></strong></span> <span class='ocrx_word' id='word_1_90' title='bbox 467 1395 553 1482; x_wconf 73' lang='grc' dir='ltr'><strong><em>παρὰ</em></strong></span> <span class='ocrx_word' id='word_1_91' title='bbox 573 1400 652 1461; x_wconf 72' lang='grc' dir='ltr'><strong><em>θεοῦ</em></strong></span> <span class='ocrx_word' id='word_1_92' title='bbox 666 1400 722 1480; x_wconf 81' lang='grc' dir='ltr'>τῆς</span> <span class='ocrx_word' id='word_1_93' title='bbox 734 1392 919 1479; x_wconf 74' lang='grc' dir='ltr'><strong><em>συγγνώμης</em></strong></span> <span class='ocrx_word' id='word_1_94' title='bbox 932 1396 1067 1483; x_wconf 73' lang='grc' dir='ltr'><strong><em>δεομένην</em></strong></span> <span class='ocrx_word' id='word_1_95' title='bbox 1082 1391 1250 1475; x_wconf 86' lang='grc' dir='ltr'><strong><em>συνειδιός,</em></strong></span> <span class='ocrx_word' id='word_1_96' title='bbox 1272 1385 1391 1457; x_wconf 69' lang='lat' dir='ltr'>coiecto</span> 
     </span>
     <span class='ocr_line' id='line_1_12' title="bbox 262 1488 1346 1586; baseline -0.005 -23"><span class='ocrx_word' id='word_1_97' title='bbox 262 1500 393 1586; x_wconf 73' lang='grc' dir='ltr'><strong><em>ἀριθμῷ</em></strong></span> <span class='ocrx_word' id='word_1_98' title='bbox 410 1501 569 1579; x_wconf 72' lang='grc' dir='ltr'><strong><em>τοσαῦτα,</em></strong></span> <span class='ocrx_word' id='word_1_99' title='bbox 600 1488 671 1558; x_wconf 78' lang='grc' dir='ltr'><strong><em>οότε</em></strong></span> <span class='ocrx_word' id='word_1_100' title='bbox 700 1495 872 1578; x_wconf 75' lang='grc' dir='ltr'><strong><em>τηλικαῦτα</em></strong></span> <span class='ocrx_word' id='word_1_101' title='bbox 895 1496 966 1557; x_wconf 70' lang='grc' dir='ltr'><strong><em>καθ’</em></strong></span> <span class='ocrx_word' id='word_1_102' title='bbox 986 1494 1107 1579; x_wconf 80' lang='grc' dir='ltr'><strong><em>ἡμέραν</em></strong></span> <span class='ocrx_word' id='word_1_103' title='bbox 1135 1492 1346 1577; x_wconf 76' lang='grc' dir='ltr'><strong><em>ἁμαρτάνοντι</em></strong></span> 
     </span>
     <span class='ocr_line' id='line_1_13' title="bbox 263 1587 1345 1681; baseline -0.006 -19"><span class='ocrx_word' id='word_1_104' title='bbox 263 1596 299 1663; x_wconf 90' lang='grc' dir='ltr'><strong><em>τό</em></strong></span> <span class='ocrx_word' id='word_1_105' title='bbox 320 1600 473 1679; x_wconf 75' lang='grc' dir='ltr'><strong><em>μέγεθος,</em></strong></span> <span class='ocrx_word' id='word_1_106' title='bbox 507 1592 587 1660; x_wconf 78' lang='grc' dir='ltr'><strong><em>α’λλοὶ</em></strong></span> <span class='ocrx_word' id='word_1_107' title='bbox 620 1597 724 1681; x_wconf 73' lang='grc' dir='ltr'><strong><em>πολλῷ</em></strong></span> <span class='ocrx_word' id='word_1_108' title='bbox 748 1589 911 1678; x_wconf 85' lang='grc' dir='ltr'><strong><em>δεινότερα</em></strong></span> <span class='ocrx_word' id='word_1_109' title='bbox 940 1591 996 1657; x_wconf 91' lang='grc' dir='ltr'><strong><em>καί</em></strong></span> <span class='ocrx_word' id='word_1_110' title='bbox 1024 1594 1140 1675; x_wconf 77' lang='grc' dir='ltr'><strong><em>πλείω,</em></strong></span> <span class='ocrx_word' id='word_1_111' title='bbox 1175 1587 1277 1667; x_wconf 88' lang='grc' dir='ltr'><strong><em>όλλως</em></strong></span> <span class='ocrx_word' id='word_1_112' title='bbox 1308 1613 1345 1657; x_wconf 84' lang='grc' dir='ltr'>τε</span> 
     </span>
     <span class='ocr_line' id='line_1_14' title="bbox 233 1689 1346 1788; baseline -0.004 -29"><span class='ocrx_word' id='word_1_113' title='bbox 233 1695 321 1762; x_wconf 72' lang='grc' dir='ltr'>0καί</span> <span class='ocrx_word' id='word_1_114' title='bbox 343 1704 408 1771; x_wconf 74' lang='grc' dir='ltr'><strong><em>τοῖς</em></strong></span> <span class='ocrx_word' id='word_1_115' title='bbox 435 1691 537 1782; x_wconf 80' lang='grc' dir='ltr'><strong><em>ὅρκοις</em></strong></span> <span class='ocrx_word' id='word_1_116' title='bbox 564 1703 628 1769; x_wconf 84' lang='grc' dir='ltr'><strong><em>τοῖς</em></strong></span> <span class='ocrx_word' id='word_1_117' title='bbox 658 1702 724 1769; x_wconf 79' lang='grc' dir='ltr'><strong><em>σοῖς</em></strong></span> <span class='ocrx_word' id='word_1_118' title='bbox 744 1692 936 1771; x_wconf 85' lang='grc' dir='ltr'><strong><em>πιστεόσας,</em></strong></span> <span class='ocrx_word' id='word_1_119' title='bbox 959 1689 1143 1777; x_wconf 80' lang='grc' dir='ltr'><strong><em>συγγνώμην</em></strong></span> <span class='ocrx_word' id='word_1_120' title='bbox 1162 1694 1346 1788; x_wconf 76' lang='grc' dir='ltr'><strong><em>παρέχομαι</em></strong></span> 
     </span>
     <span class='ocr_line' id='line_1_15' title="bbox 261 1785 1344 1878; baseline -0.004 -20"><span class='ocrx_word' id='word_1_121' title='bbox 261 1798 317 1859; x_wconf 82' lang='grc' dir='ltr'><strong><em>καί</em></strong></span> <span class='ocrx_word' id='word_1_122' title='bbox 338 1793 515 1878; x_wconf 78' lang='grc' dir='ltr'><strong><em>α’μνηστόαν</em></strong></span> <span class='ocrx_word' id='word_1_123' title='bbox 534 1797 588 1877; x_wconf 78' lang='grc' dir='ltr'>τῆς</span> <span class='ocrx_word' id='word_1_124' title='bbox 609 1794 791 1876; x_wconf 76' lang='grc' dir='ltr'><strong><em>ἐπιβουλῆς.</em></strong></span> <span class='ocrx_word' id='word_1_125' title='bbox 832 1794 886 1857; x_wconf 69' lang='grc' dir='ltr'><strong><em>σοι’</em></strong></span> <span class='ocrx_word' id='word_1_126' title='bbox 906 1793 941 1856; x_wconf 75' lang='grc' dir='ltr'>δὲ</span> <span class='ocrx_word' id='word_1_127' title='bbox 959 1789 1093 1877; x_wconf 81' lang='grc' dir='ltr'><strong><em>μελήσει</em></strong></span> <span class='ocrx_word' id='word_1_128' title='bbox 1121 1799 1185 1866; x_wconf 77' lang='grc' dir='ltr'><strong><em>τοῖς</em></strong></span> <span class='ocrx_word' id='word_1_129' title='bbox 1212 1785 1344 1874; x_wconf 77' lang='grc' dir='ltr'><strong><em>ὕστερον</em></strong></span> 
     </span>
     <span class='ocr_line' id='line_1_16' title="bbox 262 1883 1388 1978; baseline -0.004 -20"><span class='ocrx_word' id='word_1_130' title='bbox 262 1896 395 1977; x_wconf 66' lang='lat' dir='ltr'>dyo-ieie</span> <span class='ocrx_word' id='word_1_131' title='bbox 416 1891 455 1958; x_wconf 78' lang='grc' dir='ltr'><strong><em>τό</em></strong></span> <span class='ocrx_word' id='word_1_132' title='bbox 476 1893 626 1977; x_wconf 89' lang='grc' dir='ltr'><strong><em>πρότερον</em></strong></span> <span class='ocrx_word' id='word_1_133' title='bbox 649 1893 838 1974; x_wconf 76' lang='grc' dir='ltr'><strong><em>εἰργασμένα</em></strong></span> <span class='ocrx_word' id='word_1_134' title='bbox 862 1889 1076 1978; x_wconf 77' lang='grc' dir='ltr'><strong><em>ἄπαλεέφειν.”</em></strong></span> <span class='ocrx_word' id='word_1_135' title='bbox 1117 1887 1187 1955; x_wconf 87' lang='grc' dir='ltr'><strong><em>τότε</em></strong></span> <span class='ocrx_word' id='word_1_136' title='bbox 1205 1896 1265 1972; x_wconf 77' lang='grc' dir='ltr'><strong><em>μὲν</em></strong></span> <span class='ocrx_word' id='word_1_137' title='bbox 1286 1883 1388 1953; x_wconf 71' lang='grc' dir='ltr'><strong><em>αόνλὸ</em></strong></span> 
     </span>
     <span class='ocr_line' id='line_1_17' title="bbox 261 1983 1433 2076; baseline -0.003 -19"><span class='ocrx_word' id='word_1_138' title='bbox 261 1991 279 2057; x_wconf 82' lang='grc' dir='ltr'>ὅ</span> <span class='ocrx_word' id='word_1_139' title='bbox 303 1987 580 2076; x_wconf 86' lang='grc' dir='ltr'><strong><em>παρακοιμιόμενος</em></strong></span> <span class='ocrx_word' id='word_1_140' title='bbox 612 1983 709 2066; x_wconf 70' lang='lat' dir='ltr'>adiice</span> <span class='ocrx_word' id='word_1_141' title='bbox 741 1985 844 2073; x_wconf 81' lang='grc' dir='ltr'><strong><em>λόγοις</em></strong></span> <span class='ocrx_word' id='word_1_142' title='bbox 870 2013 903 2057; x_wconf 85' lang='grc' dir='ltr'>τε</span> <span class='ocrx_word' id='word_1_143' title='bbox 931 1991 1053 2055; x_wconf 69' lang='grc' dir='ltr'><strong><em>πλείοσι</em></strong></span> <span class='ocrx_word' id='word_1_144' title='bbox 1084 1990 1140 2054; x_wconf 93' lang='grc' dir='ltr'><strong><em>καί</em></strong></span> <span class='ocrx_word' id='word_1_145' title='bbox 1169 1986 1276 2074; x_wconf 83' lang='grc' dir='ltr'><strong><em>όρκοις</em></strong></span> <span class='ocrx_word' id='word_1_146' title='bbox 1298 1987 1339 2053; x_wconf 80' lang='grc' dir='ltr'>τιό</span> <span class='ocrx_word' id='word_1_147' title='bbox 1428 2013 1433 2020; x_wconf 58' lang='lat'>‘</span> 
     </span>
     <span class='ocr_line' id='line_1_18' title="bbox 259 2086 1342 2176; baseline 0 -22"><span class='ocrx_word' id='word_1_148' title='bbox 259 2093 458 2176; x_wconf 83' lang='grc' dir='ltr'><strong><em>γεγραμμένα</em></strong></span> <span class='ocrx_word' id='word_1_149' title='bbox 494 2088 747 2172; x_wconf 75' lang='grc' dir='ltr'><strong><em>ε’πιβεβαιιόοας,</em></strong></span> <span class='ocrx_word' id='word_1_150' title='bbox 783 2093 838 2175; x_wconf 84' lang='grc' dir='ltr'>τῆς</span> <span class='ocrx_word' id='word_1_151' title='bbox 869 2088 956 2175; x_wconf 85' lang='grc' dir='ltr'><strong><em>παραὶ</em></strong></span> <span class='ocrx_word' id='word_1_152' title='bbox 983 2086 1124 2173; x_wconf 87' lang='grc' dir='ltr'><strong><em>μεγόλου</em></strong></span> <span class='ocrx_word' id='word_1_153' title='bbox 1160 2091 1342 2170; x_wconf 82' lang='grc' dir='ltr'><strong><em>δομεστόιου</em></strong></span> 
     </span>
     <span class='ocr_line' id='line_1_19' title="bbox 258 2183 1342 2273; baseline -0.002 -19"><span class='ocrx_word' id='word_1_154' title='bbox 258 2187 352 2254; x_wconf 86' lang='grc' dir='ltr'><strong><em>πόλιν</em></strong></span> <span class='ocrx_word' id='word_1_155' title='bbox 389 2183 528 2253; x_wconf 76' lang='grc' dir='ltr'><strong><em>ἀπέλαυε</em></strong></span> <span class='ocrx_word' id='word_1_156' title='bbox 558 2184 660 2273; x_wconf 79' lang='grc' dir='ltr'><strong><em>ῥοπῆς</em></strong></span> <span class='ocrx_word' id='word_1_157' title='bbox 701 2192 758 2253; x_wconf 83' lang='grc' dir='ltr'><strong><em>καί</em></strong></span> <span class='ocrx_word' id='word_1_158' title='bbox 782 2188 916 2265; x_wconf 74' lang='grc' dir='ltr'><strong><em>πολλοὺς</em></strong></span> <span class='ocrx_word' id='word_1_159' title='bbox 943 2186 1168 2271; x_wconf 89' lang='grc' dir='ltr'><strong><em>παρευδ“οκι’μει</em></strong></span> <span class='ocrx_word' id='word_1_160' title='bbox 1194 2192 1250 2254; x_wconf 92' lang='grc' dir='ltr'><strong><em>καί</em></strong></span> <span class='ocrx_word' id='word_1_161' title='bbox 1277 2192 1342 2253; x_wconf 76' lang='grc' dir='ltr'>τῶν</span> 
     </span>
     <span class='ocr_line' id='line_1_20' title="bbox 256 2282 1340 2377; baseline 0.002 -24"><span class='ocrx_word' id='word_1_162' title='bbox 256 2291 338 2372; x_wconf 86' lang='grc' dir='ltr'><strong><em>γένει</em></strong></span> <span class='ocrx_word' id='word_1_163' title='bbox 357 2289 538 2372; x_wconf 77' lang='grc' dir='ltr'><strong><em>περιδόξιυν.</em></strong></span> <span class='ocrx_word' id='word_1_164' title='bbox 578 2288 683 2377; x_wconf 76' lang='grc' dir='ltr'><strong><em>χρόνῳ</em></strong></span> <span class='ocrx_word' id='word_1_165' title='bbox 703 2291 739 2355; x_wconf 83' lang='grc' dir='ltr'>δὲ</span> <span class='ocrx_word' id='word_1_166' title='bbox 760 2284 891 2374; x_wconf 72' lang='grc' dir='ltr'><strong><em>ὕστερον</em></strong></span> <span class='ocrx_word' id='word_1_167' title='bbox 902 2337 912 2370; x_wconf 95' lang='grc'><strong><em>,</em></strong></span> <span class='ocrx_word' id='word_1_168' title='bbox 935 2282 1039 2373; x_wconf 76' lang='grc' dir='ltr'><strong><em>ὥσπερ</em></strong></span> <span class='ocrx_word' id='word_1_169' title='bbox 1060 2287 1099 2373; x_wconf 77' lang='grc' dir='ltr'>δη</span> <span class='ocrx_word' id='word_1_170' title='bbox 1117 2286 1173 2353; x_wconf 93' lang='grc' dir='ltr'><strong><em>καί</em></strong></span> <span class='ocrx_word' id='word_1_171' title='bbox 1191 2286 1340 2373; x_wconf 84' lang='grc' dir='ltr'><strong><em>πρότερον</em></strong></span> 
     </span>
     <span class='ocr_line' id='line_1_21' title="bbox 256 2382 1382 2473; baseline 0 -22"><span class='ocrx_word' id='word_1_172' title='bbox 256 2384 414 2473; x_wconf 77' lang='grc' dir='ltr'><strong><em>ἱστόρηται</em></strong></span> <span class='ocrx_word' id='word_1_173' title='bbox 435 2387 526 2471; x_wconf 78' lang='grc' dir='ltr'><strong><em>ἡμῖν,</em></strong></span> <span class='ocrx_word' id='word_1_174' title='bbox 558 2392 617 2450; x_wconf 83' lang='grc' dir='ltr'><strong><em>τοῦ</em></strong></span> <span class='ocrx_word' id='word_1_175' title='bbox 635 2386 714 2451; x_wconf 78' lang='grc' dir='ltr'><strong><em>κατὰ</em></strong></span> <span class='ocrx_word' id='word_1_176' title='bbox 739 2392 878 2473; x_wconf 77' lang='grc' dir='ltr'><strong><em>Περσῶν</em></strong></span> <span class='ocrx_word' id='word_1_177' title='bbox 906 2382 1015 2451; x_wconf 88' lang='grc' dir='ltr'><strong><em>στόλον</em></strong></span> <span class='ocrx_word' id='word_1_178' title='bbox 1036 2385 1097 2451; x_wconf 81' lang='grc' dir='ltr'><strong><em>ὖπό</em></strong></span> <span class='ocrx_word' id='word_1_179' title='bbox 1118 2392 1274 2471; x_wconf 76' lang='grc' dir='ltr'><strong><em>βασιλέως</em></strong></span> <span class='ocrx_word' id='word_1_180' title='bbox 1292 2385 1382 2452; x_wconf 70' lang='lat' dir='ltr'>irino</span> 
     </span>
     <span class='ocr_line' id='line_1_22' title="bbox 256 2483 1343 2572; baseline 0.002 -21"><span class='ocrx_word' id='word_1_181' title='bbox 256 2483 415 2572; x_wconf 87' lang='grc' dir='ltr'><strong><em>περιόντος</em></strong></span> <span class='ocrx_word' id='word_1_182' title='bbox 430 2485 670 2568; x_wconf 72' lang='grc' dir='ltr'><strong><em>ἀποδειχθέντος</em></strong></span> <span class='ocrx_word' id='word_1_183' title='bbox 684 2489 888 2572; x_wconf 80' lang='grc' dir='ltr'><strong><em>στρατηγοῦ,</em></strong></span> <span class='ocrx_word' id='word_1_184' title='bbox 911 2484 1010 2551; x_wconf 74' lang='grc' dir='ltr'><strong><em>πολλοὶ</em></strong></span> <span class='ocrx_word' id='word_1_185' title='bbox 1032 2491 1090 2552; x_wconf 76' lang='grc' dir='ltr'><strong><em>τοῦ</em></strong></span> <span class='ocrx_word' id='word_1_186' title='bbox 1109 2485 1246 2571; x_wconf 78' lang='grc' dir='ltr'><strong><em>μεγάλου</em></strong></span> <span class='ocrx_word' id='word_1_187' title='bbox 1267 2485 1343 2572; x_wconf 68' lang='grc' dir='ltr'><strong><em>περὶ</em></strong></span> 
     </span>
     <span class='ocr_line' id='line_1_23' title="bbox 256 2579 1340 2672; baseline 0.002 -21"><span class='ocrx_word' id='word_1_188' title='bbox 256 2587 369 2652; x_wconf 77' lang='grc' dir='ltr'><strong><em>τούτου</em></strong></span> <span class='ocrx_word' id='word_1_189' title='bbox 393 2588 578 2666; x_wconf 83' lang='grc' dir='ltr'><strong><em>δομεστόιου</em></strong></span> <span class='ocrx_word' id='word_1_190' title='bbox 601 2588 765 2669; x_wconf 77' lang='grc' dir='ltr'><strong><em>δεηθέντος</em></strong></span> <span class='ocrx_word' id='word_1_191' title='bbox 781 2589 936 2668; x_wconf 81' lang='grc' dir='ltr'><strong><em>βασιλέως</em></strong></span> <span class='ocrx_word' id='word_1_192' title='bbox 943 2638 953 2668; x_wconf 94' lang='grc'><strong><em>,</em></strong></span> <span class='ocrx_word' id='word_1_193' title='bbox 974 2579 1057 2652; x_wconf 83' lang='grc' dir='ltr'><strong><em>οόστε</em></strong></span> <span class='ocrx_word' id='word_1_194' title='bbox 1075 2587 1131 2672; x_wconf 75' lang='grc' dir='ltr'><strong><em>τήν</em></strong></span> <span class='ocrx_word' id='word_1_195' title='bbox 1151 2588 1340 2671; x_wconf 79' lang='grc' dir='ltr'><strong><em>στρατηγίαν</em></strong></span> 
     </span>
     <span class='ocr_line' id='line_1_24' title="bbox 255 2681 1339 2777; baseline -0.001 -27"><span class='ocrx_word' id='word_1_196' title='bbox 255 2683 372 2768; x_wconf 76' lang='grc' dir='ltr'><strong><em>ταύτην</em></strong></span> <span class='ocrx_word' id='word_1_197' title='bbox 398 2687 590 2769; x_wconf 77' lang='grc' dir='ltr'><strong><em>ἑγχειριόιαι,</em></strong></span> <span class='ocrx_word' id='word_1_198' title='bbox 612 2682 657 2768; x_wconf 78' lang='grc' dir='ltr'>μη</span> <span class='ocrx_word' id='word_1_199' title='bbox 679 2681 898 2771; x_wconf 68' lang='grc' dir='ltr'><strong><em>προσήκουσαν</em></strong></span> <span class='ocrx_word' id='word_1_200' title='bbox 919 2685 1025 2777; x_wconf 78' lang='grc' dir='ltr'><strong><em>έκείνιρ</em></strong></span> <span class='ocrx_word' id='word_1_201' title='bbox 1045 2685 1104 2772; x_wconf 74' lang='grc' dir='ltr'><strong><em>τήν</em></strong></span> <span class='ocrx_word' id='word_1_202' title='bbox 1124 2688 1198 2771; x_wconf 75' lang='grc' dir='ltr'><strong><em>περὶ</em></strong></span> <span class='ocrx_word' id='word_1_203' title='bbox 1216 2685 1255 2751; x_wconf 81' lang='grc' dir='ltr'><strong><em>τό</em></strong></span> <span class='ocrx_word' id='word_1_204' title='bbox 1275 2708 1339 2757; x_wconf 78' lang='grc' dir='ltr'><strong><em>τοι-</em></strong></span> 
     </span>
    </p>
   </div>
   <div class='ocr_carea' id='block_1_3' title="bbox 324 2843 1337 2926">
    <p class='ocr_par' dir='ltr' id='par_1_3' title="bbox 324 2843 1337 2926">
     <span class='ocr_line' id='line_1_25' title="bbox 324 2843 1337 2926; baseline -0.003 -22"><span class='ocrx_word' id='word_1_205' title='bbox 324 2851 350 2921; x_wconf 70' lang='grc'>4.</span> <span class='ocrx_word' id='word_1_206' title='bbox 368 2849 482 2923; x_wconf 60' lang='lat' dir='ltr'>vidrici.</span> <span class='ocrx_word' id='word_1_207' title='bbox 558 2854 583 2906; x_wconf 79' lang='grc' dir='ltr'>(λ</span> <span class='ocrx_word' id='word_1_208' title='bbox 603 2852 752 2922; x_wconf 81' lang='grc' dir='ltr'><strong><em>περιϊόντα</em></strong></span> <span class='ocrx_word' id='word_1_209' title='bbox 769 2853 795 2907; x_wconf 85' lang='grc' dir='ltr'>Ρ.</span> <span class='ocrx_word' id='word_1_210' title='bbox 870 2854 909 2909; x_wconf 75' lang='lat' dir='ltr'>si·</span> <span class='ocrx_word' id='word_1_211' title='bbox 927 2850 1055 2926; x_wconf 78' lang='grc' dir='ltr'><strong><em>πρότερα</em></strong></span> <span class='ocrx_word' id='word_1_212' title='bbox 1071 2853 1100 2906; x_wconf 80' lang='lat' dir='ltr'>P.</span> <span class='ocrx_word' id='word_1_213' title='bbox 1173 2843 1225 2906; x_wconf 76' lang='lat' dir='ltr'>mir</span> <span class='ocrx_word' id='word_1_214' title='bbox 1239 2870 1292 2906; x_wconf 87' lang='lat' dir='ltr'>orn.</span> <span class='ocrx_word' id='word_1_215' title='bbox 1311 2850 1337 2904; x_wconf 86' lang='lat' dir='ltr'>P.</span> 
     </span>
    </p>
   </div>
   <div class='ocr_carea' id='block_1_4' title="bbox 249 3017 1369 4356">
    <p class='ocr_par' dir='ltr' id='par_1_4' title="bbox 249 3017 1369 4356">
     <span class='ocr_line' id='line_1_26' title="bbox 255 3017 1339 3093; baseline -0.003 -19"><span class='ocrx_word' id='word_1_216' title='bbox 255 3036 321 3093; x_wconf 88' lang='lat' dir='ltr'>prne</span> <span class='ocrx_word' id='word_1_217' title='bbox 338 3020 489 3073; x_wconf 80' lang='lat' dir='ltr'>invidentia</span> <span class='ocrx_word' id='word_1_218' title='bbox 514 3036 557 3070; x_wconf 89' lang='lat' dir='ltr'>mc</span> <span class='ocrx_word' id='word_1_219' title='bbox 575 3020 761 3071; x_wconf 73' lang='lat' dir='ltr'>immerentem</span> <span class='ocrx_word' id='word_1_220' title='bbox 778 3017 1000 3088; x_wconf 72' lang='lat' dir='ltr'><strong>oppugnantibus</strong></span> <span class='ocrx_word' id='word_1_221' title='bbox 1023 3019 1124 3071; x_wconf 83' lang='lat' dir='ltr'>socium</span> <span class='ocrx_word' id='word_1_222' title='bbox 1144 3027 1173 3071; x_wconf 86' lang='lat' dir='ltr'>te</span> <span class='ocrx_word' id='word_1_223' title='bbox 1190 3018 1339 3089; x_wconf 78' lang='lat' dir='ltr'>adiungere</span> 
     </span>
     <span class='ocr_line' id='line_1_27' title="bbox 254 3086 1337 3161; baseline -0.003 -16"><span class='ocrx_word' id='word_1_224' title='bbox 254 3092 383 3155; x_wconf 80' lang='lat' dir='ltr'>voluisti,</span> <span class='ocrx_word' id='word_1_225' title='bbox 416 3093 462 3161; x_wconf 89' lang='lat' dir='ltr'>qui</span> <span class='ocrx_word' id='word_1_226' title='bbox 493 3098 626 3159; x_wconf 82' lang='lat' dir='ltr'>quantum</span> <span class='ocrx_word' id='word_1_227' title='bbox 657 3089 686 3141; x_wconf 91' lang='lat' dir='ltr'>in</span> <span class='ocrx_word' id='word_1_228' title='bbox 718 3086 796 3141; x_wconf 86' lang='lat' dir='ltr'>vobis</span> <span class='ocrx_word' id='word_1_229' title='bbox 823 3090 894 3154; x_wconf 86' lang='lat' dir='ltr'>fuit,</span> <span class='ocrx_word' id='word_1_230' title='bbox 925 3089 996 3142; x_wconf 80' lang='lat' dir='ltr'>mala</span> <span class='ocrx_word' id='word_1_231' title='bbox 1020 3097 1139 3142; x_wconf 83' lang='lat' dir='ltr'>extrema</span> <span class='ocrx_word' id='word_1_232' title='bbox 1167 3089 1337 3158; x_wconf 73' lang='lat' dir='ltr'>‹tesignassie</span> 
     </span>
     <span class='ocr_line' id='line_1_28' title="bbox 256 3157 1338 3232; baseline -0.002 -18"><span class='ocrx_word' id='word_1_233' title='bbox 256 3163 332 3232; x_wconf 86' lang='lat' dir='ltr'>Quid</span> <span class='ocrx_word' id='word_1_234' title='bbox 352 3180 414 3231; x_wconf 76' lang='lat' dir='ltr'>ergo</span> <span class='ocrx_word' id='word_1_235' title='bbox 433 3163 467 3211; x_wconf 81' lang='lat' dir='ltr'>ad</span> <span class='ocrx_word' id='word_1_236' title='bbox 486 3161 552 3212; x_wconf 85' lang='lat' dir='ltr'>hacc</span> <span class='ocrx_word' id='word_1_237' title='bbox 569 3169 597 3211; x_wconf 87' lang='lat' dir='ltr'>et</span> <span class='ocrx_word' id='word_1_238' title='bbox 614 3162 734 3228; x_wconf 80' lang='lat' dir='ltr'>cogitare</span> <span class='ocrx_word' id='word_1_239' title='bbox 753 3167 781 3211; x_wconf 87' lang='lat' dir='ltr'>et</span> <span class='ocrx_word' id='word_1_240' title='bbox 798 3157 887 3213; x_wconf 83' lang='lat' dir='ltr'>locere</span> <span class='ocrx_word' id='word_1_241' title='bbox 906 3176 950 3211; x_wconf 84' lang='lat' dir='ltr'>mc</span> <span class='ocrx_word' id='word_1_242' title='bbox 973 3161 1092 3212; x_wconf 81' lang='lat' dir='ltr'>vicissim</span> <span class='ocrx_word' id='word_1_243' title='bbox 1112 3178 1161 3230; x_wconf 86' lang='lat' dir='ltr'>prr</span> <span class='ocrx_word' id='word_1_244' title='bbox 1186 3159 1257 3213; x_wconf 77' lang='lat' dir='ltr'>luit?</span> <span class='ocrx_word' id='word_1_245' title='bbox 1274 3158 1338 3212; x_wconf 88' lang='lat' dir='ltr'>Nors</span> 
     </span>
     <span class='ocr_line' id='line_1_29' title="bbox 255 3228 1337 3301; baseline 0 -19"><span class='ocrx_word' id='word_1_246' title='bbox 255 3233 366 3294; x_wconf 87' lang='lat' dir='ltr'>consri,</span> <span class='ocrx_word' id='word_1_247' title='bbox 391 3232 414 3280; x_wconf 90' lang='lat' dir='ltr'>si</span> <span class='ocrx_word' id='word_1_248' title='bbox 432 3234 553 3300; x_wconf 86' lang='lat' dir='ltr'>possem,&#39;</span> <span class='ocrx_word' id='word_1_249' title='bbox 579 3238 672 3281; x_wconf 80' lang='lat' dir='ltr'>contra</span> <span class='ocrx_word' id='word_1_250' title='bbox 691 3230 744 3281; x_wconf 89' lang='lat' dir='ltr'>tibi</span> <span class='ocrx_word' id='word_1_251' title='bbox 760 3230 879 3283; x_wconf 79' lang='lat' dir='ltr'>nocere?</span> <span class='ocrx_word' id='word_1_252' title='bbox 907 3232 966 3283; x_wconf 83' lang='lat' dir='ltr'>linc</span> <span class='ocrx_word' id='word_1_253' title='bbox 986 3232 1010 3282; x_wconf 92' lang='lat' dir='ltr'>si</span> <span class='ocrx_word' id='word_1_254' title='bbox 1028 3248 1072 3284; x_wconf 87' lang='lat' dir='ltr'>me</span> <span class='ocrx_word' id='word_1_255' title='bbox 1091 3231 1241 3291; x_wconf 74' lang='lat' dir='ltr'>dedissem,</span> <span class='ocrx_word' id='word_1_256' title='bbox 1268 3228 1337 3301; x_wconf 83' lang='lat' dir='ltr'>quid</span> 
     </span>
     <span class='ocr_line' id='line_1_30' title="bbox 254 3298 1336 3374; baseline -0.004 -20"><span class='ocrx_word' id='word_1_257' title='bbox 254 3301 440 3374; x_wconf 73' lang='lat' dir='ltr'><strong>sequebatur,</strong></span> <span class='ocrx_word' id='word_1_258' title='bbox 466 3301 520 3350; x_wconf 91' lang='lat' dir='ltr'>nisi</span> <span class='ocrx_word' id='word_1_259' title='bbox 541 3305 571 3349; x_wconf 86' lang='lat' dir='ltr'>ut</span> <span class='ocrx_word' id='word_1_260' title='bbox 587 3308 616 3349; x_wconf 85' lang='lat' dir='ltr'>tu</span> <span class='ocrx_word' id='word_1_261' title='bbox 637 3298 772 3367; x_wconf 82' lang='lat' dir='ltr'>perditem</span> <span class='ocrx_word' id='word_1_262' title='bbox 794 3300 899 3368; x_wconf 83' lang='lat' dir='ltr'>lugeres</span> <span class='ocrx_word' id='word_1_263' title='bbox 921 3300 1081 3352; x_wconf 71' lang='lat' dir='ltr'>felicitatem</span> <span class='ocrx_word' id='word_1_264' title='bbox 1108 3310 1199 3366; x_wconf 79' lang='lat' dir='ltr'>tunm,</span> <span class='ocrx_word' id='word_1_265' title='bbox 1226 3301 1336 3353; x_wconf 80' lang='lat' dir='ltr'>infamis</span> 
     </span>
     <span class='ocr_line' id='line_1_31' title="bbox 253 3368 1335 3441; baseline -0.003 -18"><span class='ocrx_word' id='word_1_266' title='bbox 253 3379 366 3440; x_wconf 87' lang='lat' dir='ltr'>repente</span> <span class='ocrx_word' id='word_1_267' title='bbox 385 3379 464 3422; x_wconf 78' lang='lat' dir='ltr'>etex</span> <span class='ocrx_word' id='word_1_268' title='bbox 480 3368 610 3437; x_wconf 83' lang='lat' dir='ltr'>opulento</span> <span class='ocrx_word' id='word_1_269' title='bbox 630 3370 732 3439; x_wconf 81' lang='lat' dir='ltr'>inops?</span> <span class='ocrx_word' id='word_1_270' title='bbox 753 3372 826 3422; x_wconf 85' lang='lat' dir='ltr'>istuc</span> <span class='ocrx_word' id='word_1_271' title='bbox 843 3371 910 3422; x_wconf 86' lang='lat' dir='ltr'>milri</span> <span class='ocrx_word' id='word_1_272' title='bbox 928 3370 1058 3439; x_wconf 75' lang='lat' dir='ltr'>perfacile</span> <span class='ocrx_word' id='word_1_273' title='bbox 1074 3381 1149 3434; x_wconf 79' lang='lat' dir='ltr'>erat,</span> <span class='ocrx_word' id='word_1_274' title='bbox 1168 3381 1195 3424; x_wconf 89' lang='lat' dir='ltr'>et</span> <span class='ocrx_word' id='word_1_275' title='bbox 1214 3380 1241 3423; x_wconf 90' lang='lat' dir='ltr'>tc</span> <span class='ocrx_word' id='word_1_276' title='bbox 1258 3374 1335 3441; x_wconf 75' lang='lat' dir='ltr'>ipso=</span> 
     </span>
     <span class='ocr_line' id='line_1_32' title="bbox 252 3439 1337 3511; baseline -0.001 -19"><span class='ocrx_word' id='word_1_277' title='bbox 252 3449 311 3493; x_wconf 84' lang='lat' dir='ltr'>met</span> <span class='ocrx_word' id='word_1_278' title='bbox 336 3439 427 3491; x_wconf 87' lang='lat' dir='ltr'>iudice</span> <span class='ocrx_word' id='word_1_279' title='bbox 447 3439 515 3490; x_wconf 83' lang='lat' dir='ltr'>hacc</span> <span class='ocrx_word' id='word_1_280' title='bbox 535 3445 564 3489; x_wconf 89' lang='lat' dir='ltr'>et</span> <span class='ocrx_word' id='word_1_281' title='bbox 588 3440 666 3507; x_wconf 79' lang='lat' dir='ltr'>pluro</span> <span class='ocrx_word' id='word_1_282' title='bbox 690 3440 809 3507; x_wconf 80' lang='lat' dir='ltr'>praemis</span> <span class='ocrx_word' id='word_1_283' title='bbox 832 3459 881 3511; x_wconf 93' lang='lat' dir='ltr'>pro</span> <span class='ocrx_word' id='word_1_284' title='bbox 903 3443 1015 3493; x_wconf 78' lang='lat' dir='ltr'>vafritie</span> <span class='ocrx_word' id='word_1_285' title='bbox 1039 3450 1086 3494; x_wconf 79' lang='lat' dir='ltr'>tur</span> <span class='ocrx_word' id='word_1_286' title='bbox 1114 3441 1246 3494; x_wconf 88' lang='lat' dir='ltr'>meruisti.</span> <span class='ocrx_word' id='word_1_287' title='bbox 1300 3442 1337 3491; x_wconf 79' lang='lat' dir='ltr'>Ae</span> 
     </span>
     <span class='ocr_line' id='line_1_33' title="bbox 253 3508 1336 3582; baseline 0.001 -19"><span class='ocrx_word' id='word_1_288' title='bbox 253 3528 303 3579; x_wconf 80' lang='lat' dir='ltr'>ego</span> <span class='ocrx_word' id='word_1_289' title='bbox 322 3527 381 3562; x_wconf 89' lang='lat' dir='ltr'>curn</span> <span class='ocrx_word' id='word_1_290' title='bbox 401 3508 525 3561; x_wconf 85' lang='lat' dir='ltr'>mihimet</span> <span class='ocrx_word' id='word_1_291' title='bbox 542 3511 664 3560; x_wconf 87' lang='lat' dir='ltr'>conscius</span> <span class='ocrx_word' id='word_1_292' title='bbox 682 3511 750 3572; x_wconf 89' lang='lat' dir='ltr'>sim,</span> <span class='ocrx_word' id='word_1_293' title='bbox 769 3527 850 3580; x_wconf 84' lang='lat' dir='ltr'>quam</span> <span class='ocrx_word' id='word_1_294' title='bbox 870 3512 954 3564; x_wconf 81' lang='lat' dir='ltr'>multa</span> <span class='ocrx_word' id='word_1_295' title='bbox 972 3527 988 3561; x_wconf 83' lang='grc' dir='ltr'><strong><em>κ</em></strong></span> <span class='ocrx_word' id='word_1_296' title='bbox 1007 3511 1065 3564; x_wconf 89' lang='lat' dir='ltr'>Deo</span> <span class='ocrx_word' id='word_1_297' title='bbox 1091 3515 1171 3564; x_wconf 83' lang='lat' dir='ltr'>venis</span> <span class='ocrx_word' id='word_1_298' title='bbox 1195 3528 1263 3582; x_wconf 90' lang='lat' dir='ltr'>opus</span> <span class='ocrx_word' id='word_1_299' title='bbox 1286 3511 1336 3564; x_wconf 67' lang='grc' dir='ltr'><strong><em>Ιτα-</em></strong></span> 
     </span>
     <span class='ocr_line' id='line_1_34' title="bbox 250 3579 1336 3651; baseline 0.001 -19"><span class='ocrx_word' id='word_1_300' title='bbox 250 3580 348 3639; x_wconf 83' lang='lat' dir='ltr'>besm,</span> <span class='ocrx_word' id='word_1_301' title='bbox 366 3597 426 3630; x_wconf 86' lang='lat' dir='ltr'>cum</span> <span class='ocrx_word' id='word_1_302' title='bbox 444 3579 570 3647; x_wconf 86' lang='lat' dir='ltr'>quotidie</span> <span class='ocrx_word' id='word_1_303' title='bbox 591 3588 619 3631; x_wconf 85' lang='lat' dir='ltr'>et</span> <span class='ocrx_word' id='word_1_304' title='bbox 635 3596 747 3633; x_wconf 89' lang='lat' dir='ltr'>numero</span> <span class='ocrx_word' id='word_1_305' title='bbox 773 3582 851 3648; x_wconf 86' lang='lat' dir='ltr'>plum</span> <span class='ocrx_word' id='word_1_306' title='bbox 870 3590 898 3635; x_wconf 90' lang='lat' dir='ltr'>et</span> <span class='ocrx_word' id='word_1_307' title='bbox 923 3585 1053 3651; x_wconf 72' lang='lat' dir='ltr'>gravitate</span> <span class='ocrx_word' id='word_1_308' title='bbox 1079 3585 1182 3635; x_wconf 77' lang='lat' dir='ltr'>maiora</span> <span class='ocrx_word' id='word_1_309' title='bbox 1209 3597 1336 3651; x_wconf 84' lang='lat' dir='ltr'>peccem,</span> 
     </span>
     <span class='ocr_line' id='line_1_35' title="bbox 251 3649 1336 3722; baseline 0.003 -21"><span class='ocrx_word' id='word_1_310' title='bbox 251 3656 281 3702; x_wconf 87' lang='lat' dir='ltr'>et</span> <span class='ocrx_word' id='word_1_311' title='bbox 308 3649 421 3717; x_wconf 86' lang='lat' dir='ltr'>insuper</span> <span class='ocrx_word' id='word_1_312' title='bbox 449 3657 614 3700; x_wconf 78' lang='lat' dir='ltr'>sacramento</span> <span class='ocrx_word' id='word_1_313' title='bbox 643 3657 690 3701; x_wconf 91' lang='lat' dir='ltr'>tuo</span> <span class='ocrx_word' id='word_1_314' title='bbox 717 3651 848 3717; x_wconf 80' lang='lat' dir='ltr'>credens,</span> <span class='ocrx_word' id='word_1_315' title='bbox 876 3651 929 3704; x_wconf 88' lang='lat' dir='ltr'>tibi</span> <span class='ocrx_word' id='word_1_316' title='bbox 955 3654 1089 3720; x_wconf 79' lang='lat' dir='ltr'>ignoscam</span> <span class='ocrx_word' id='word_1_317' title='bbox 1118 3653 1336 3722; x_wconf 81' lang='lat' dir='ltr'>lusidisrumque</span> 
     </span>
     <span class='ocr_line' id='line_1_36' title="bbox 251 3709 1369 3793; baseline 0.002 -21"><span class='ocrx_word' id='word_1_318' title='bbox 251 3728 360 3772; x_wconf 83' lang='lat' dir='ltr'>tuarum</span> <span class='ocrx_word' id='word_1_319' title='bbox 378 3719 528 3772; x_wconf 80' lang='lat' dir='ltr'>obliviscar.</span> <span class='ocrx_word' id='word_1_320' title='bbox 565 3720 607 3772; x_wconf 82' lang='lat' dir='ltr'>Tu</span> <span class='ocrx_word' id='word_1_321' title='bbox 632 3722 754 3784; x_wconf 78' lang='lat' dir='ltr'>enitere,</span> <span class='ocrx_word' id='word_1_322' title='bbox 780 3730 811 3773; x_wconf 88' lang='lat' dir='ltr'>ut</span> <span class='ocrx_word' id='word_1_323' title='bbox 831 3723 1028 3791; x_wconf 89' lang='lat' dir='ltr'>posterioribus</span> <span class='ocrx_word' id='word_1_324' title='bbox 1047 3730 1120 3775; x_wconf 89' lang='lat' dir='ltr'>recte</span> <span class='ocrx_word' id='word_1_325' title='bbox 1141 3709 1219 3776; x_wconf 81' lang='lat' dir='ltr'>fectis</span> <span class='ocrx_word' id='word_1_326' title='bbox 1243 3724 1336 3793; x_wconf 76' lang='lat' dir='ltr'>priore</span> <span class='ocrx_word' id='word_1_327' title='bbox 1361 3779 1369 3791; x_wconf 58' lang='grc'><strong><em>,</em></strong></span> 
     </span>
     <span class='ocr_line' id='line_1_37' title="bbox 250 3790 1336 3864; baseline 0.001 -22"><span class='ocrx_word' id='word_1_328' title='bbox 250 3791 394 3843; x_wconf 70' lang='lat' dir='ltr'>maleficta</span> <span class='ocrx_word' id='word_1_329' title='bbox 415 3790 565 3841; x_wconf 79' lang='lat' dir='ltr'>oblitteret.</span> <span class='ocrx_word' id='word_1_330' title='bbox 603 3791 672 3841; x_wconf 84' lang='lat' dir='ltr'>Turn</span> <span class='ocrx_word' id='word_1_331' title='bbox 691 3792 773 3860; x_wconf 79' lang='lat' dir='ltr'>igitur</span> <span class='ocrx_word' id='word_1_332' title='bbox 790 3793 910 3845; x_wconf 87' lang='lat' dir='ltr'>cubiculi</span> <span class='ocrx_word' id='word_1_333' title='bbox 928 3795 1079 3861; x_wconf 71' lang='lat' dir='ltr'>praefectur</span> <span class='ocrx_word' id='word_1_334' title='bbox 1098 3793 1189 3847; x_wconf 88' lang='lat' dir='ltr'>denuo</span> <span class='ocrx_word' id='word_1_335' title='bbox 1208 3792 1336 3864; x_wconf 86' lang='lat' dir='ltr'>pluribus</span> 
     </span>
     <span class='ocr_line' id='line_1_38' title="bbox 250 3859 1335 3932; baseline 0.002 -21"><span class='ocrx_word' id='word_1_336' title='bbox 250 3860 341 3912; x_wconf 81' lang='lat' dir='ltr'>verbis</span> <span class='ocrx_word' id='word_1_337' title='bbox 359 3868 387 3911; x_wconf 88' lang='lat' dir='ltr'>et</span> <span class='ocrx_word' id='word_1_338' title='bbox 403 3859 580 3922; x_wconf 78' lang='lat' dir='ltr'>iuramentis,</span> <span class='ocrx_word' id='word_1_339' title='bbox 599 3876 669 3930; x_wconf 86' lang='lat' dir='ltr'>quse</span> <span class='ocrx_word' id='word_1_340' title='bbox 687 3865 849 3930; x_wconf 72' lang='lat' dir='ltr'>scripserat,</span> <span class='ocrx_word' id='word_1_341' title='bbox 877 3865 1058 3928; x_wconf 87' lang='lat' dir='ltr'>confirmatis,</span> <span class='ocrx_word' id='word_1_342' title='bbox 1083 3864 1112 3915; x_wconf 92' lang='lat' dir='ltr'>in</span> <span class='ocrx_word' id='word_1_343' title='bbox 1131 3866 1220 3932; x_wconf 75' lang='lat' dir='ltr'>magni</span> <span class='ocrx_word' id='word_1_344' title='bbox 1240 3862 1335 3915; x_wconf 86' lang='lat' dir='ltr'>dome·</span> 
     </span>
     <span class='ocr_line' id='line_1_39' title="bbox 251 3930 1334 4002; baseline 0 -19"><span class='ocrx_word' id='word_1_345' title='bbox 251 3933 312 3983; x_wconf 85' lang='lat' dir='ltr'>stici</span> <span class='ocrx_word' id='word_1_346' title='bbox 332 3930 443 3999; x_wconf 78' lang='lat' dir='ltr'>gretiam</span> <span class='ocrx_word' id='word_1_347' title='bbox 461 3946 490 3982; x_wconf 87' lang='lat' dir='ltr'>sc</span> <span class='ocrx_word' id='word_1_348' title='bbox 509 3934 629 3983; x_wconf 85' lang='lat' dir='ltr'>restituit</span> <span class='ocrx_word' id='word_1_349' title='bbox 647 3940 674 3982; x_wconf 88' lang='lat' dir='ltr'>et</span> <span class='ocrx_word' id='word_1_350' title='bbox 691 3934 790 3984; x_wconf 89' lang='lat' dir='ltr'>multos</span> <span class='ocrx_word' id='word_1_351' title='bbox 809 3950 907 4002; x_wconf 81' lang='lat' dir='ltr'>genere</span> <span class='ocrx_word' id='word_1_352' title='bbox 924 3934 1044 3987; x_wconf 82' lang='lat' dir='ltr'>illustres</span> <span class='ocrx_word' id='word_1_353' title='bbox 1062 3934 1222 3987; x_wconf 73' lang='lat' dir='ltr'>celebritate</span> <span class='ocrx_word' id='word_1_354' title='bbox 1239 3933 1334 3984; x_wconf 90' lang='lat' dir='ltr'>nomi·</span> 
     </span>
     <span class='ocr_line' id='line_1_40' title="bbox 249 4000 1333 4073; baseline 0.002 -22"><span class='ocrx_word' id='word_1_355' title='bbox 249 4003 294 4055; x_wconf 83' lang='lat' dir='ltr'>nis</span> <span class='ocrx_word' id='word_1_356' title='bbox 320 4000 442 4052; x_wconf 76' lang='lat' dir='ltr'>anteivit</span> <span class='ocrx_word' id='word_1_357' title='bbox 488 4002 622 4068; x_wconf 86' lang='lat' dir='ltr'>Tempore</span> <span class='ocrx_word' id='word_1_358' title='bbox 648 4002 830 4070; x_wconf 88' lang='lat' dir='ltr'>procedente,</span> <span class='ocrx_word' id='word_1_359' title='bbox 856 4012 888 4055; x_wconf 88' lang='lat' dir='ltr'>ut</span> <span class='ocrx_word' id='word_1_360' title='bbox 915 4019 993 4073; x_wconf 80' lang='lat' dir='ltr'>supro</span> <span class='ocrx_word' id='word_1_361' title='bbox 1020 4007 1245 4063; x_wconf 83' lang='lat' dir='ltr'>memoravimus,</span> <span class='ocrx_word' id='word_1_362' title='bbox 1270 4016 1333 4054; x_wconf 87' lang='lat' dir='ltr'>cuns</span> 
     </span>
     <span class='ocr_line' id='line_1_41' title="bbox 251 4070 1332 4140; baseline 0 -16"><span class='ocrx_word' id='word_1_363' title='bbox 251 4088 313 4124; x_wconf 86' lang='lat' dir='ltr'>eum</span> <span class='ocrx_word' id='word_1_364' title='bbox 335 4073 481 4138; x_wconf 78' lang='lat' dir='ltr'>imperaror</span> <span class='ocrx_word' id='word_1_365' title='bbox 498 4070 586 4123; x_wconf 78' lang='lat' dir='ltr'>adhuc</span> <span class='ocrx_word' id='word_1_366' title='bbox 607 4089 737 4140; x_wconf 81' lang='lat' dir='ltr'>superans</span> <span class='ocrx_word' id='word_1_367' title='bbox 749 4108 757 4134; x_wconf 87' lang='lat'>,</span> <span class='ocrx_word' id='word_1_368' title='bbox 785 4073 878 4126; x_wconf 81' lang='lat' dir='ltr'>classis</span> <span class='ocrx_word' id='word_1_369' title='bbox 899 4081 993 4126; x_wconf 81' lang='lat' dir='ltr'>eontra</span> <span class='ocrx_word' id='word_1_370' title='bbox 1011 4075 1101 4126; x_wconf 80' lang='lat' dir='ltr'>Perses</span> <span class='ocrx_word' id='word_1_371' title='bbox 1127 4074 1266 4125; x_wconf 86' lang='lat' dir='ltr'>duetorem</span> <span class='ocrx_word' id='word_1_372' title='bbox 1291 4073 1332 4124; x_wconf 83' lang='lat' dir='ltr'>le·</span> 
     </span>
     <span class='ocr_line' id='line_1_42' title="bbox 252 4140 1332 4227; baseline -0.002 -32"><span class='ocrx_word' id='word_1_373' title='bbox 252 4144 348 4215; x_wconf 73' lang='lat' dir='ltr'>gimel,</span> <span class='ocrx_word' id='word_1_374' title='bbox 366 4140 450 4211; x_wconf 85' lang='lat' dir='ltr'>idque</span> <span class='ocrx_word' id='word_1_375' title='bbox 470 4144 560 4211; x_wconf 80' lang='lat' dir='ltr'>magni</span> <span class='ocrx_word' id='word_1_376' title='bbox 578 4141 719 4195; x_wconf 87' lang='lat' dir='ltr'>domestici</span> <span class='ocrx_word' id='word_1_377' title='bbox 737 4144 839 4209; x_wconf 75' lang='lat' dir='ltr'>magnis</span> <span class='ocrx_word' id='word_1_378' title='bbox 857 4143 983 4211; x_wconf 86' lang='lat' dir='ltr'>precibus</span> <span class='ocrx_word' id='word_1_379' title='bbox 1004 4143 1141 4204; x_wconf 84' lang='lat' dir='ltr'>dedisset,</span> <span class='ocrx_word' id='word_1_380' title='bbox 1165 4143 1240 4227; x_wconf 64' lang='lat' dir='ltr'>quod</span> <span class='ocrx_word' id='word_1_381' title='bbox 1260 4142 1332 4194; x_wconf 78' lang='lat' dir='ltr'>allo-</span> 
     </span>
     <span class='ocr_line' id='line_1_43' title="bbox 252 4211 1331 4284; baseline 0.001 -19"><span class='ocrx_word' id='word_1_382' title='bbox 252 4215 301 4284; x_wconf 90' lang='lat' dir='ltr'>qui</span> <span class='ocrx_word' id='word_1_383' title='bbox 323 4211 389 4264; x_wconf 84' lang='lat' dir='ltr'>huic</span> <span class='ocrx_word' id='word_1_384' title='bbox 409 4214 516 4264; x_wconf 86' lang='lat' dir='ltr'>muneri</span> <span class='ocrx_word' id='word_1_385' title='bbox 538 4212 650 4266; x_wconf 85' lang='lat' dir='ltr'>minime</span> <span class='ocrx_word' id='word_1_386' title='bbox 673 4214 802 4267; x_wconf 86' lang='lat' dir='ltr'>idoneum</span> <span class='ocrx_word' id='word_1_387' title='bbox 825 4215 955 4277; x_wconf 86' lang='lat' dir='ltr'>sentiret,</span> <span class='ocrx_word' id='word_1_388' title='bbox 981 4214 1117 4267; x_wconf 75' lang='lat' dir='ltr'>curandae</span> <span class='ocrx_word' id='word_1_389' title='bbox 1139 4230 1178 4265; x_wconf 89' lang='lat' dir='ltr'>rer</span> <span class='ocrx_word' id='word_1_390' title='bbox 1202 4211 1331 4284; x_wconf 76' lang='lat' dir='ltr'>publicae</span> 
     </span>
     <span class='ocr_line' id='line_1_44' title="bbox 249 4282 1331 4356; baseline -0.003 -18"><span class='ocrx_word' id='word_1_391' title='bbox 249 4282 399 4356; x_wconf 81' lang='lat' dir='ltr'>praepositi</span> <span class='ocrx_word' id='word_1_392' title='bbox 433 4291 511 4336; x_wconf 78' lang='lat' dir='ltr'>erent</span> <span class='ocrx_word' id='word_1_393' title='bbox 535 4282 709 4353; x_wconf 80' lang='lat' dir='ltr'>Spanopulua</span> <span class='ocrx_word' id='word_1_394' title='bbox 730 4299 748 4335; x_wconf 91' lang='lat' dir='ltr'>a</span> <span class='ocrx_word' id='word_1_395' title='bbox 770 4285 903 4337; x_wconf 86' lang='lat' dir='ltr'>memoria</span> <span class='ocrx_word' id='word_1_396' title='bbox 930 4293 959 4339; x_wconf 90' lang='lat' dir='ltr'>et</span> <span class='ocrx_word' id='word_1_397' title='bbox 985 4286 1100 4338; x_wconf 80' lang='lat' dir='ltr'>loannes</span> <span class='ocrx_word' id='word_1_398' title='bbox 1124 4284 1331 4347; x_wconf 77' lang='lat' dir='ltr'>Melitenends,</span> 
     </span>
    </p>
   </div>
   <div class='ocr_carea' id='block_1_5' title="bbox 0 0 1472 4700">
    <p class='ocr_par' dir='ltr' id='par_1_5' title="bbox 0 0 1472 4700">
     <span class='ocr_line' id='line_1_45' title="bbox 0 0 1472 4700; baseline 0 6"><span class='ocrx_word' id='word_1_399' title='bbox 0 0 1472 4700; x_wconf 95' lang='lat' dir='ltr'> </span> 
     </span>
    </p>
   </div>
  </div>
 </body>
</html>
