2934 4700
465 233 753 303 ussronssuuss
780 238 837 304 su.
861 241 916 309 ss.
1174 210 1259 327 375

175 385 232 455 καί
248 387 368 455 πόλεων
387 392 611 475 παρεχομένων
620 442 631 473 ,
653 394 668 481 (
677 387 700 455 ἃ
719 389 781 477 γόρ
804 389 897 457 uisos*
913 392 985 457 νυνί
1002 391 1172 476 κατέχουσι
1206 390 1404 485 suilgut,

176 487 222 555 ἔτι
240 492 344 576 πολληλ
365 493 462 555 πλείω
483 487 568 573 ἔχειν
587 492 668 574 ἐξῆν,
690 488 1029 577 πολυπραγμονήσαντα
1049 491 1175 579 μηδέπ)
1186 490 1259 558 τότε
1377 492 1380 498 ’

176 589 235 668 μέν
247 586 340 652 οόδέν
357 585 502 671 εἴργαστο
522 591 680 671 τοιοῦτον,
701 587 784 654 α’λλοὶ
806 588 859 653 καί
871 584 955 667 όπαξ
968 585 1023 652 καί
1039 589 1088 662 δίς
1100 587 1181 674 πρός
1200 588 1259 674 τὴν

175 688 345 769 πρεσβείαν
363 686 540 772 ἀπηγόρευε
559 686 617 773 τὴν
637 692 714 773 παρ’
742 688 867 752 αδτιόν·
887 687 956 752 νυνί
976 688 1012 753 δέ
1034 683 1089 751 ότι
1107 680 1259 770 βλόπτειν

155 782 302 855 ὅδόναιτο
316 788 435 870 μηδέν,
454 788 557 850 ἐκεῖνα
577 784 723 872 πρόπειν
742 788 907 871 ἐπιχειρεῖ,
926 788 1032 851 πᾶσαν
1051 786 1191 852 έπίνοιαν
1210 811 1259 851 ιιι·

177 886 262 964 ναόν,
299 881 412 949 ότότε
442 888 565 961 Ιέλοῑττυν
592 879 615 970 ἢ
643 882 736 969 λόγος
773 887 862 973 αέτρῖ
888 887 961 968 ἐξῆν
988 879 1142 951 isinum
1183 878 1260 954 ὅθεν

179 982 276 1065 δῆλον
293 975 384 1064 εἶναι,
401 980 550 1069 ἔφασκον,
565 983 609 1059 ὥς
629 984 704 1048 ouidi
726 983 796 1050 risa
809 984 867 1048 τοῦ
886 985 1005 1048 ἐκείνου
1025 974 1125 1067 ἤθους
1144 983 1165 1070 ἦ
1182 988 1285 1072 respic

183 1079 301 1157 αότοός
322 1076 541 1166 εὐγνωμοσύνη
562 1075 621 1168 ἧν,
638 1080 718 1148 ἄλλό
739 1086 796 1169 τῆς
815 1086 874 1148 τοῦ
887 1084 1053 1167 κρείττονος
1065 1083 1258 1169 ἐπικουρίας.

177 1182 250 1244 νυνί
268 1181 304 1243 δὲ
323 1175 376 1245 ότε
396 1182 430 1245 έν
450 1179 608 1271 όσφαλείρ
626 1182 826 1247 καθέστασαν
845 1179 949 1262 αὐτοί,
969 1177 1026 1264 τὴν
1046 1180 1162 1247 οἰκείαν
1178 1182 1261 1266 γνοό-

141 1303 243 1364 ιομην
265 1278 407 1365 φανερόν
425 1289 535 1346 ποιεῖν.
572 1276 765 1356 Ἀπόκαυκος
783 1281 819 1345 δέ
841 1274 858 1342 ό
878 1281 976 1363 μέγας
997 1275 1095 1363 dosii,
1116 1279 1187 1345 iusi
1203 1278 1261 1366 την

179 1375 261 1463 πρός
300 1379 433 1461 βασιλέα
470 1379 578 1464 μόχην
609 1378 818 1464 ἀπηγόρευεν,
860 1379 993 1465 α’φανοῖς
1031 1376 1260 1460 ἐπιβουλεύειν,

180 1470 285 1560 ὥσπερ
304 1476 531 1561 καὶπρότερον,
552 1479 708 1563 ἐπεχείρει
727 1475 782 1542 καί
799 1479 947 1551 παντοίοις
960 1475 1174 1563 συνέβραπτεν
1194 1478 1261 1543 έπι·

179 1573 306 1657 βουλός.
345 1573 427 1661 πρός
446 1574 507 1660 γὰρ
531 1569 737 1663 Βερῖῥοιοέιας
753 1575 862 1664 κρόφα
888 1578 1035 1658 πέμψας,
1056 1573 1176 1662 ἔγραφε
1194 1598 1260 1641 τοι·

180 1675 283 1737 αὕτα·
303 1672 349 1751 οἷς
374 1673 478 1759 ἐίδειη
503 1679 564 1756 μέν
595 1673 710 1751 αδτοός
740 1671 801 1759 οόχ
833 1671 935 1740 ἑκοντὶ
960 1674 1260 1759 προσκεχωρηκότας

142 1773 445 1860 ιὸΚαντακονζηνηῖ,
465 1775 558 1863 κοινρῖ
578 1773 714 1863 πολεμίῳ
734 1777 795 1840 τῶν
811 1771 975 1856 Ῥωμαίων
997 1773 1186 1859 οίναφανέντι
1205 1776 1263 1839 καί

177 1874 243 1936 τοῖν
270 1872 428 1953 βασιλέας
459 1869 617 1962 ἐπιβοόλην
647 1876 791 1937 παίδων·
823 1874 892 1937 ἀλλ’
912 1870 974 1937 ὑπό
1005 1873 1062 1937 τοῦ
1093 1875 1259 1956 Τριβαλοόν

176 1970 315 2051 πολέμου
330 1972 537 2050 πιεζομένους
561 1973 707 2056 datisne
727 1970 781 2035 ε’πί
805 1976 899 2036 τοῦτο
920 1973 963 2036 δι’
989 1969 1141 2055 οίνόγκην,
1168 1973 1260 2052 νομί·

178 2066 296 2143 σαντός
314 2091 347 2133 τι
367 2063 429 2133 int
450 2065 563 2134 τοότσυ
585 2063 783 2155 ὠφελεῖσθαι
813 2067 866 2133 διό
895 2067 930 2132 τό
950 2068 1083 2152 Κρόλην
1102 2068 1262 2133 πυνθάνε-

178 2171 260 2232 σθαι
274 2164 427 2243 σπονδὰς
454 2164 538 2251 ἔχειν
566 2163 647 2250 πρός
675 2163 772 2231 αίτόν
797 2168 854 2230 καί
878 2167 1072 2247 συμμαχίαν.
1111 2168 1204 2231 τοῦτο
1225 2168 1291 2233 dil)

136 2265 271 2344 ,obsidis
305 2269 410 2351 ἕτερον
438 2259 496 2351 ἦν,
531 2259 554 2350 ἢ
581 2262 688 2350 δπότη
709 2262 765 2329 καί
790 2263 992 2352 φενακισμός.
1036 2261 1168 2350 Κρόλης
1194 2262 1256 2351 γόρ

179 2358 241 2450 ἤδη
264 2366 408 2451 φανερῶς
427 2365 503 2449 ἡμῖν
525 2368 757 2451 προσθέμενος,
775 2362 881 2453 έκεόιιγ
902 2360 1014 2447 ἔγνωκε
1033 2367 1191 2444 πολεμεῖν.
1227 2364 1260 2428 sl

174 2464 238 2558 μέν
258 2454 314 2526 οὖν
333 2458 561 2544 μεταβαλόντες
580 2461 620 2529 τό
646 2466 736 2553 κοινῇ
755 2486 791 2529 τε
815 2466 900 2558 Ιποῖαι
927 2460 984 2528 καί
1010 2461 1122 2548 σφίσιν
1150 2461 1257 2538 αὐτοῖς

178 2566 398 2627 λυσιτελοῦντα
418 2564 566 2646 ἕλοισθε,
585 2566 702 2648 (ταῦτα
728 2564 764 2627 δέ
791 2564 877 2643 έστι,
909 2562 1054 2644 κατέχειν
1073 2557 1258 2626 τοῦτονκαὶ

182 2657 240 2724 τόν
259 2661 402 2726 κίνδυνον
422 2658 468 2744 μη
496 2661 553 2747 ἐᾷν
573 2659 825 2749 διαδιδράσκειν·
852 2654 890 2725 οὗ
913 2662 1017 2747 πολλῷ
1032 2656 1094 2748 γὰρ
1124 2651 1256 2747 ὕστερον

178 2890 384 2964 prohibuisset?
407 2894 568 2958 Enimvero,
597 2910 659 2948 cum
676 2894 721 2946 'ab
744 2896 852 2965 imperii
880 2894 1145 2950 administratoribus
1166 2895 1255 2948 multo

176 2964 242 3034 plue
267 2966 443 3035 pecuniarum
471 2973 500 3018 et
521 2963 632 3018 urbium
659 2953 685 3018 el
699 2969 853 3027 offerretur,
867 2965 946 3035 (quas
970 2981 1087 3035 namque
1109 2981 1184 3018 nunc
1200 2964 1257 3033 ipsi

178 3041 310 3097 teneant,
333 3036 368 3087 iis
401 3036 494 3105 plures
517 3036 584 3087 citra
610 3035 694 3087 ullum
712 3035 926 3088 sollicitudinem
951 3032 1127 3105 laboremque
1152 3034 1188 3086 ab
1214 3034 1255 3084 eis

98 3127 104 3138 ·
180 3105 304 3173 recipere
326 3105 450 3177 licebat)
463 3114 521 3158 tuns
541 3105 652 3175 quidem
675 3103 747 3157 nihil
771 3105 874 3157 lactum
898 3102 1074 3167 huiusmodi,
1100 3102 1148 3156 sed
1171 3104 1256 3155 semel

178 3175 334 3246 iterumque
353 3192 448 3229 eorum
466 3177 630 3247 legationem
650 3176 796 3236 reiecisse3
814 3189 888 3225 nnnc
903 3173 1003 3235 autem,
1021 3174 1131 3244 quendo
1157 3188 1256 3225 nocere

177 3247 379 3315 nequit‚·tots
402 3255 494 3299 mente
521 3255 550 3298 et
567 3246 730 3313 cogitatione
748 3244 797 3296 illa
815 3244 921 3307 moliri,
944 3259 1015 3313 quae
1041 3251 1107 3296 tuuc
1123 3243 1197 3296 dicto
1215 3242 1256 3292 ci·

86 3339 93 3359 ι
178 3313 234 3366 tius
253 3314 356 3370 efficere
374 3318 514 3386 potuisset
564 3314 642 3368 Unde
665 3321 799 3379 constsre,
818 3329 900 3384 quam
918 3321 983 3365 tunc
1000 3314 1165 3383 probitatem
1191 3329 1256 3365 can·

179 3382 327 3456 dorernqne
354 3387 384 3438 ln
406 3387 480 3456 ipsos
504 3404 568 3454 prae
586 3402 615 3437 se
635 3386 759 3447 tolieret,
776 3402 832 3436 non
850 3385 909 3436 eius
927 3383 1043 3453 ingenii,
1061 3384 1109 3435 sed
1128 3383 1255 3436 coelestis

179 3455 277 3507 sunilli
296 3455 388 3509 luisse.
414 3456 508 3520 ¹Nunc
527 3455 637 3527 quando
659 3454 711 3524 ipsi
730 3454 905 3506 securitatem
923 3455 1095 3516 inuenerint,
1112 3453 1192 3504 illurn
1210 3470 1256 3504 co-

177 3525 323 3595 gitationes
347 3542 408 3578 auae
439 3527 553 3596 aperire.
587 3524 774 3593 Apocsucbus,
793 3524 866 3575 bello
885 3533 979 3576 contre
997 3524 1187 3593 imperatorem
1206 3521 1257 3572 de·

178 3604 305 3664 sperato,
324 3594 462 3648 cuniculos
480 3613 578 3665 egere,
595 3602 628 3646 ut
643 3603 743 3658 untes,
770 3603 799 3647 et
819 3595 894 3644 varie
912 3592 1025 3646 insidiae
1044 3593 1157 3646 tendere
1175 3591 1257 3644 insti·

176 3666 251 3718 tuit:
271 3665 307 3718 ad
322 3666 500 3719 berrhoeotue
518 3667 592 3718 enim
609 3666 724 3718 latenter
742 3666 781 3716 ita
799 3664 913 3731 scripsit.
949 3663 1084 3726 scineae,
1108 3663 1181 3732 ipsos
1199 3679 1257 3715 non

176 3745 275 3805 suopte
302 3744 370 3789 nutu
392 3735 433 3801 ‚ad
454 3736 684 3797 Cantacuzenum‚
703 3750 872 3786 communem
889 3737 1065 3785 Romanorum
1085 3731 1189 3785 hostem
1206 3731 1257 3784 de-

176 3806 308 3864 claratum
326 3815 355 3857 et
372 3805 489 3858 filiorum
508 3804 679 3874 imperatoris
699 3803 902 3864 insidiatorem,
918 3804 967 3855 sed
986 3803 1049 3872 quin
1070 3803 1256 3855 Triballorum

76 3921 82 3930 .
176 3876 257 3926 ermis
287 3875 496 3943 premebuntur,
527 3877 687 3928 necessitate
720 3873 829 3924 adactos
855 3873 1017 3934 accessisse,
1047 3873 1161 3943 aliquod
1189 3871 1255 3924 inde

178 3946 391 3997 emolumentum
410 3944 463 3996 sibi
480 3946 681 4014 promittentes,
699 3942 775 4012 quod
791 3941 1056 4003 audissent,Cralem
1074 3942 1171 3995 foedus
1195 3958 1256 3992 cum

178 4029 212 4064 eo
238 4013 451 4085 societatemque
477 4014 622 4084 pepigisse.
667 4012 769 4064 Verum
787 4015 857 4064 istuc
874 4028 976 4064 merum
995 4028 1112 4065 errorem
1130 4028 1162 4063 uc
1180 4009 1256 4063 ludi·

177 4080 267 4135 brium
296 4084 400 4138 inisse:
426 4083 505 4135 illum
531 4086 635 4153 qnippe
661 4082 714 4134 iam
741 4099 797 4135 non
821 4082 1022 4135 dissimulanter
1044 4099 1060 4133 s
1084 4087 1256 4144 testantem,

179 4152 403 4211 &nucuseuuus
431 4170 589 4228 oppugnare
607 4154 765 4212 decrevisse.
802 4151 894 4224 Quare
912 4154 935 4204 ai
953 4159 1055 4208 mututa
1074 4158 1165 4204 aucute
1182 4168 1257 4204 cusn-
