2934 4700
470 318 756 386 ursmamaun
786 317 842 388 m.
872 332 924 396 20.
1140 325 1220 410 ¹29

140 497 176 542 κα
188 476 247 542 καί
258 478 352 558 βίαια
367 478 421 539 καί
433 478 603 540 διανοεῖται
618 478 672 538 καί
680 476 825 561 πράττειν
835 467 896 562 ἤδη
908 471 1063 566 ὅρμηται,
1077 481 1134 543 τοῦ
1146 486 1250 552 πολ-Δ.
1261 497 1290 552 c.
1303 500 1363 569 ¹³4¹

135 578 173 642 id
202 573 414 663 πεφιληκότος
440 578 595 655 βασιλέως
620 578 675 639 καί
700 578 755 640 ἐπί
772 579 852 660 μέγα
874 574 964 662 δόξης
994 577 1221 663 προαγαγόντος

136 676 254 751 οἷόόιως
277 669 484 757 ἀμειβόμενος
503 671 578 750 τούς
596 678 713 750 παῖδας
745 677 783 740 οὐ
802 675 898 758 μόνον
918 680 973 763 τῆς
992 678 1112 763 ἀρχῆς,
1136 677 1216 743 ἄλλα

133 775 189 839 καί
207 778 265 858 τῆς
286 776 368 858 ζωῆς
392 768 491 857 αότῆς
513 773 714 858 ἀποστερῶν,
736 777 794 860 τήν
811 800 846 840 τε
865 775 990 861 γνοόμην
1003 777 1247 864 ἑβδελυξόμηνῐ)

108 873 176 954 ὅῶς
207 872 375 958 ιόμστότην
404 871 459 937 καί
483 872 707 957 ἀγνωμοσύνης
727 876 879 957 ου’όεμιόιν
894 880 1099 943 ἐλλείπουσαν
1118 879 1218 963 όπιρ-

129 970 246 1056 βολήν,
270 970 325 1036 καί
345 968 442 1035 αιίτόν
463 973 503 1034 od
522 975 585 1037 ταῖν
606 975 708 1058 φιλων
729 970 833 1059 α’ίσπερ
855 973 1024 1061 πρότερον,
1051 975 1131 1041 ἄλλό
1153 981 1217 1041 ταῖν

129 1068 378 1154 πολεμιωτάτων,
401 1068 497 1154 ἔγνων
525 1073 590 1136 δεῖν
617 1071 778 1154 ἡγεῖσθαι.
823 1076 959 1155 νομιζων
982 1077 1083 1160 δὲμὴ
1105 1079 1215 1141 suini

846 1169 932 1256 door,
962 1171 1027 1260 ἧκα
1059 1177 1214 1260 ἀπαγγέλ-

128 1271 209 1351 λων,
238 1272 279 1336 ἵν’
312 1273 347 1333 ἐκ
374 1272 437 1333 tois·
465 1270 629 1354 παρόντων
656 1274 839 1357 σκεψαμένη
869 1267 907 1336 od
926 1271 1022 1354 μόνον
1042 1275 1140 1358 αὐτὴν
1160 1274 1216 1340 καί

90 1373 248 1444 ιοπαῖόας
272 1366 448 1456 διαστάσης,
472 1364 551 1434 ἄλλό
573 1369 630 1434 καί
647 1369 706 1455 τήν
726 1365 824 1456 ἄλλην
845 1368 974 1438 ἅπασαν
993 1376 1213 1457 συγκινδυνεύ-

130 1493 232 1535 οοσαν
248 1463 380 1554 doliis?
418 1468 585 1554 ἧβασιλίς
606 1474 640 1535 δὲ
667 1464 772 1555 ὥσπερ
800 1474 1050 1557 ἐκπεπληγμένη,
1084 1472 1210 1556 λόγους,

131 1569 286 1656 ἔφασκεν,
317 1566 467 1646 deodate,
504 1572 589 1645 οἵους
611 1569 679 1634 orid'
707 1568 807 1634 αὐτόν
834 1567 888 1635 τόν
912 1576 1022 1647 κακίας
1039 1571 1213 1659 ίῳεορετὴν

129 1660 172 1735 όν
192 1689 271 1732 ποτε
298 1664 492 1752 δυνήσεσθαι
511 1668 602 1759 uiride
623 1672 699 1753 περί
716 1668 853 1753 μεγάλου
875 1671 1061 1752 δομιστίκοο
1085 1674 1208 1736 πείσειν

126 1765 362 1852 ἐπιχειρήσειν,
405 1764 448 1842 ὥς
476 1766 571 1844 κακός
596 1769 711 1846 ἐκεῖνος
730 1771 806 1853 περί
824 1765 924 1854 αὐτὴν
943 1768 999 1834 καί
1017 1772 1127 1835 παισίν
1145 1772 1298 1842 dur-M&

88 1866 286 1951 rSdovicdorv
304 1868 458 1948 βασιλέως
477 1864 533 1930 καί
549 1870 605 1950 τῆς
623 1871 812 1953 θαυμαστῆς
835 1871 952 1953 ἐκείνης
974 1865 1082 1956 φιλίας
1101 1895 1211 1934 rotav-

123 1989 182 2041 τας
199 1964 340 2049 χάριτας
360 1963 540 2040 ἀποδιδούς.
586 1969 645 2031 τοῦ
663 1967 864 2053 πατριάρχου
898 1969 934 2032 dd
961 1967 1017 2033 καί
1040 1969 1142 2035 ositeri
1170 1975 1208 2035 τό

122 2064 177 2130 ἴσα
213 2061 388 2152 φάσκοντος
421 2068 456 2132 ἐν
486 2063 573 2153 όρχῇ
599 2069 790 2132 πεπονθέναι
819 2064 897 2150 πρὸς
925 2064 966 2130 τὰ
994 2071 1067 2152 περί
1089 2069 1209 2133 ἐκείνου

123 2167 275 2251 εἰρημένα
296 2163 351 2228 καί
366 2169 432 2239 τοίς
451 2166 598 2249 λέγουσιν
618 2168 780 2243 ἀπιστεῖν,
804 2167 843 2229 od
866 2164 915 2239 δίς
933 2153 989 2230 καί
1006 2163 1144 2250 τετρόκις
1156 2189 1209 2230 το-

122 2259 267 2345 σοότων,
289 2261 370 2328 diti
391 2265 448 2329 καί
465 2262 769 2344 πολλαπλασιόνων,
800 2255 822 2348 ἢ
841 2259 911 2327 ὅσοι
931 2260 1207 2349 προσεληλύθασιν

84 2356 207 2450 tourins}
216 2413 227 2442 ,
258 2365 325 2428 ταῖν
346 2365 516 2449 εἰρηκότων
550 2356 659 2429 όντων.
703 2360 803 2428 ἔπειτ’
821 2360 1034 2447 ἐπιστήσαντα
1055 2360 1111 2426 τόν
1131 2366 1300 2427 norisii-336

123 2459 179 2526 καί
202 2463 269 2536 soie
297 2461 521 2548 πραττομένοις
551 2464 688 2547 α’κριβαῖς
707 2457 961 2548 προσεσχηκότα,
983 2458 1042 2546 τὴν
1063 2462 1207 2547 διαστρο-

122 2556 189 2647 φῆν
215 2564 271 2645 τῆς
296 2559 422 2646 γνώμης
450 2568 656 2643 καταμαθεῖν.
704 2563 760 2626 καί
778 2566 950 2626 πείθεσθαι
971 2560 1133 2638 α’ξιοῧντος
1154 2561 1209 2626 καί

122 2658 225 2744 αὐτὴν
244 2659 299 2725 καί
315 2658 360 2745 μὴ
384 2664 458 2746 περί
478 2659 664 2747 πράγματος
684 2657 767 2727 οὕτω
788 2659 841 2727 τόν
860 2663 1002 2726 κίνδυνον
1024 2657 1099 2737 όξόν
1119 2658 1207 2747 ἔχον*

205 2861 227 2898 ι.
245 2845 292 2896 καὶ
309 2851 373 2899 ante
394 2842 553 2900 διανοεῖται
570 2863 623 2898 om.
640 2845 677 2897 Μ.
766 2852 789 2915 4.
809 2849 857 2911 τῆς
874 2860 926 2900 om.
944 2844 972 2902 P.

121 3003 312 3049 munerantem
330 2996 401 3051 iiiios
420 2998 605 3066 imperatoris,
632 3012 646 3047 s
666 3011 720 3066 qno
739 3002 882 3065 tantopere
903 2996 1019 3049 ditectus
1044 2997 1123 3052 etad
1148 3004 1204 3051 tani

121 3068 248 3120 inclitum
276 3068 413 3137 fastigium
438 3075 544 3119 evectus
568 3074 624 3119 est:
649 3065 714 3116 dum
739 3082 784 3118 cos
811 3083 867 3118 non
890 3067 972 3118 modo
998 3068 1131 3138 imperio,
1157 3070 1205 3121 sed

118 3140 175 3188 vite
193 3139 279 3188 etiam
297 3141 402 3206 privare
420 3139 560 3206 molitur)
586 3137 800 3190 crudelissimum
819 3138 877 3188 eius
896 3145 924 3189 et
942 3153 1022 3206 supra
1044 3154 1124 3209 quarn
1144 3154 1206 3190 cre-

120 3205 210 3259 dibile
232 3215 291 3270 est,
307 3224 461 3278 perversum
477 3209 621 3261 consitium
639 3214 795 3268 execratus,
814 3223 869 3258 non
887 3208 1053 3269 amicornm,
1073 3216 1103 3260 ut
1119 3210 1204 3280 prius,

118 3277 166 3329 sed
192 3278 315 3331 hostium
340 3278 576 3331 infestissimorum
601 3295 715 3332 numero
739 3277 894 3330 ducendum
916 3278 1075 3329 existimavi.
1122 3282 1204 3332 Batus

116 3363 216 3419 porro,
237 3364 289 3400 nce
307 3354 333 3400 te
351 3351 471 3413 nescire,
490 3366 570 3419 quam
588 3344 656 3402 hacc
674 3349 790 3401 exitiosa
809 3348 879 3410 sint,
896 3347 949 3398 tibi
967 3350 1080 3399 nuntius
1099 3349 1204 3413 adsum,

116 3428 149 3471 ut
164 3432 217 3488 pro
236 3425 359 3489 tempore
377 3419 594 3502 circumspicias,
628 3418 856 3489 quemadmodum
874 3425 903 3471 et
919 3426 947 3470 tc
972 3427 1001 3471 et
1024 3427 1118 3486 gnatos
1142 3429 1204 3473 tuos

117 3496 256 3541 ettotam
276 3490 419 3558 imperinm
438 3491 466 3543 in
490 3489 563 3543 idem
582 3489 725 3543 discrimen
749 3491 901 3541 coniectum
920 3505 1016 3541 servos.
1062 3490 1131 3541 Tum
1152 3492 1204 3543 im-

115 3559 238 3627 peratrix
255 3561 388 3612 attonitae
406 3559 519 3623 similis,
536 3560 604 3611 tatia
623 3576 651 3612 se
669 3560 703 3611 dc
723 3576 821 3628 magno
839 3559 988 3613 domestico
1008 3559 1103 3610 audire
1122 3560 1201 3623 dixit,

116 3630 211 3699 qualis
235 3644 378 3701 nunquam
405 3632 549 3700 cogitasset
570 3629 605 3681 de
636 3646 668 3685 eo
693 3630 748 3681 sibi
770 3630 938 3752 Kersuadere
969 3639 1127 3682 conaturum
1155 3633 1202 3683 vei

115 3698 206 3768 ipsum
225 3700 360 3752 scelerum
386 3701 505 3754 omnium
530 3709 646 3752 satorem
675 3708 703 3753 et
725 3715 769 3752 arc
791 3702 917 3763 Rectum,
945 3698 1097 3752 diabolum:
1126 3701 1201 3772 qnod

114 3769 245 3821 nimirum
266 3770 320 3821 sibi
338 3771 455 3823 infestus
481 3779 509 3823 et
530 3770 674 3823 insidiator
690 3770 842 3823 liberorum
869 3770 1041 3838 imperatoris
1071 3786 1120 3838 pro
1149 3790 1201 3824 no·

114 3834 167 3895 biii
186 3841 235 3893 iiia
256 3840 376 3893 amicitia
395 3843 463 3894 ntes
481 3841 595 3894 referret
612 3840 717 3910 gratias.
754 3842 915 3908 Excipientc
935 3839 1103 3910 patriarcha,
1131 3858 1200 3893 eun-

115 3907 174 3962 dern
199 3911 286 3962 fuisse
311 3927 419 3963 sensnm
443 3926 521 3964 sunm
546 3910 581 3962 ab
604 3911 703 3972 initio,
728 3926 789 3964 cum
813 3910 880 3962 haec
906 3909 940 3962 de
963 3925 994 3962 eo
1019 3910 1144 3974 audiret,
1171 3920 1200 3964 et

114 3982 289 4033 narrantibus
306 3981 415 4035 credere
433 3981 598 4054 nequivisse,
615 3982 734 4054 quinon
756 3988 798 4032 ter
815 3987 921 4051 qnater,
937 3979 985 4031 sod
1002 3981 1096 4031 maritis
1114 3985 1200 4051 parti·

115 4048 165 4101 bns
182 4051 276 4121 plures
304 4052 435 4116 fuissent,
462 4068 542 4124 quam
565 4068 639 4104 nunc
667 4051 702 4103 ad
728 4068 786 4102 cam
811 4052 1017 4116 convenissent5
1044 4058 1121 4120 post,
1146 4050 1196 4101 ubi

117 4124 233 4174 animum
269 4122 434 4192 applicuerit
470 4131 498 4176 et
526 4121 644 4174 adacta
673 4122 819 4189 diiigenter
842 4121 1004 4183 attenderit,
1036 4122 1196 4189 pravitatem

54 4244 63 4257 „
116 4194 213 4243 mentis
234 4192 294 4244 eins
315 4192 463 4258 didicisse,
484 4209 566 4266 quam
584 4200 616 4244 ut
634 4193 737 4259 etipsa
758 4190 1003 4260 credat,aequum
1023 4191 1117 4242 videri.
1154 4189 1195 4240 Ne

114 4260 147 4310 in
162 4263 390 4329 periculosissimo
410 4267 521 4335 nogotio
538 4280 626 4317 moras
644 4271 750 4324 nectat,
768 4260 815 4314 sed
833 4263 887 4314 iam
905 4261 939 4315 dc
959 4274 1006 4313 sus
1022 4261 1196 4329 tiliornmque'

150 4362 356 4420 Cautacusenus
373 4366 409 4420 11.
978 4381 996 4432 9
