2934 4700
507 267 790 340 utmorem
817 273 874 338 nr.
894 273 947 345 σε.
1167 237 1251 328 31³

172 448 260 509 ματα
279 425 417 510 πάσχειν
436 419 614 513 αάθαιρετα
633 428 737 505 κακός
750 422 929 512 αἱρεθέντες
935 473 946 506 ,
967 422 1023 492 καί
1035 422 1145 497 δεινάς
1159 421 1322 504 lysa-&Ge
1334 426 1400 498 tila

172 527 348 592 λινδεῖοθαι
368 521 422 591 διά
443 529 516 608 βίου
534 535 601 604 τοῖς
625 517 676 611 μὴ
706 526 881 611 καθήκουσι
917 520 973 589 καὶ
996 525 1052 607 τῆς
1071 521 1142 606 ἴσης
1160 520 1252 598 άξίας

171 623 349 709 πρὸςθεοῦ
366 622 537 708 τυχόντες,
557 628 613 691 καί
630 629 685 712 τῆς
707 626 806 709 αὐτῆς
823 623 990 710 ἠξιωμένοι
1008 621 1164 704 σπουδῆς,
1196 641 1254 702 με·

172 721 310 809 μηνότος
327 727 425 810 δίκην,
453 722 585 810 ταυτησὶ
597 728 658 807 μὲν
672 725 804 810 οἰκτράς
819 718 1068 803 έκπεπτιόκαμεν,
1087 718 1352 801 άνισότηταῑλεο

149 825 206 891 ὅδὲ
242 823 448 905 πεπόνθαμέν
467 847 514 887 τε
552 826 609 888 καὶ
633 818 849 906 τετιμήκαμεν.
890 822 960 886 δέον
979 817 1040 904 γάρ
1062 814 1252 895 σπουδάζειν

166 917 189 1005 ἢ
206 918 263 987 τόν
282 920 383 987 αδτόν
402 924 457 987 ε’πί
474 932 541 999 τοῖς
559 922 703 1004 άμειλιοσι
724 917 861 1008 δρόμον,
892 913 915 1006 ἢ
945 923 1131 1005 φιλονεικεῖν
1157 910 1252 993 άλλος

168 1012 264 1085 ἄλλον
284 1021 501 1106 ὑπερβαίνειν,
530 1016 615 1098 ὅπως
636 1015 677 1087 όν
704 1022 754 1086 ἐπ’
774 1023 906 1104 α’γαδοῖς
925 1016 1079 1103 ἀλλήλους
1099 1011 1282 1105 νικῴημευῦ

167 1120 352 1186 τοόναντιον
367 1114 647 1208 όπανφαινάμεδα
661 1117 865 1205 πρόπαντος,
885 1115 941 1182 καὶ
961 1117 1155 1200 συμβέβηκεν
1174 1115 1251 1199 ἡμῖν

169 1213 242 1286 οἷόν
261 1244 294 1284 τι
314 1215 417 1296 πάθος
437 1214 577 1302 α’τεχνάς
597 1213 728 1300 άτοπον,
759 1213 808 1283 δτι
834 1214 916 1282 κατά
944 1212 1021 1292 τούς
1050 1219 1105 1300 τῆς
1124 1215 1252 1301 μορφῆς
1285 1265 1290 1275 .

132 1321 375 1403 τοχαρακτῆρας
394 1316 499 1384 ἔπεστι
518 1321 752 1403 διενηνοχέναι,
774 1318 829 1382 καί
846 1323 917 1390 ταῖς
934 1315 990 1399 τῆς
1009 1316 1119 1399 ψυχῆς
1138 1309 1250 1392 iissre.

169 1419 227 1480 seui
244 1415 303 1500 τὴν
323 1414 446 1502 πρώτην
466 1419 585 1501 ἐκείνην
604 1416 661 1482 καὶ
690 1412 888 1502 μακαριοτὴν
924 1406 1018 1490 ὄντας
1048 1409 1253 1494 εὐδαιμονίαν

170 1511 388 1597 άποβαλοόσιν
418 1513 496 1601 ἡμῖν
529 1518 655 1581 δέδοκτο
686 1519 753 1582 δεῖν
771 1517 823 1603 ἐφ’
843 1509 957 1600 ἑτέραν
974 1514 1154 1596 πολυσχιδῆ
1173 1534 1254 1598 τρο·

170 1617 304 1694 nicias,
327 1616 477 1697 α’βέβαιον
502 1614 602 1704 πάντη
628 1618 684 1681 καί
702 1619 774 1681 καθ’
795 1611 914 1699 ἑαυτήν
932 1608 1174 1690 στασιάζουσαν.
1211 1604 1254 1694 ἣν

168 1712 264 1791 εἴτις
281 1709 320 1779 ori
332 1719 450 1800 καλοίη
469 1711 588 1800 τόρβην
607 1717 722 1800 κομιδῆ
740 1713 879 1798 ματαίαν
905 1711 961 1778 καῖ
987 1711 1129 1798 θόρυβον
1159 1710 1253 1793 rimo·

130 1814 228 1897 ιὸδῆ,
255 1815 366 1879 τοῦτον
393 1811 455 1898 syo
480 1815 601 1895 νομίζω
620 1819 719 1879 τελεῖν
739 1813 798 1878 οδκ
819 1815 866 1891 εἰς
884 1809 959 1889 roric
978 1802 1017 1875 εὖ
1039 1811 1253 1899 φρονοῦντας,

167 1912 209 1974 ου’
228 1909 357 1996 φάσεως
375 1914 420 1988 εἰς
439 1914 552 1995 τοῦτο,
573 1911 699 1999 φαύλης
717 1915 755 1977 δέ
774 1934 860 1988 τινος
879 1907 1031 1994 αἱρέσεως
1051 1907 1255 1995 ζημιυοσάσης

168 2007 274 2075 αδτόν.
319 2016 444 2076 πολλῶν
465 2014 501 2076 δὲ
526 2013 661 2097 ταύτης·
678 2009 716 2096 δη
741 2014 796 2096 τῆς
816 2012 982 2095 λεγομένης
1000 2031 1036 2074 τε
1055 2006 1111 2074 καί
1129 2009 1255 2090 νομιζο-

166 2111 263 2195 μένης
281 2111 483 2193 εάδαιμονίας
500 2109 666 2203 διαφόρως
679 2105 945 2195 εδμοιρησόντων,
966 2111 1022 2174 καί
1048 2111 1092 2199 “i
1110 2108 1169 2190 μὲν
1188 2106 1285 2172 sinin

165 2214 276 2294 γένους
308 2202 374 2275 οἷον
402 2215 496 2300 τιμρῖν
522 2205 674 2276 εἰώθασιν
707 2204 892 2295 ἅνθρωποι,
925 2207 961 2274 τὸ
986 2204 1207 2294 βρενθύεσδαί
1221 2228 1255 2271 τε

126 2308 225 2377 rosal
250 2305 385 2395 ἥδεσθαι
405 2306 704 2397 προσυπάρχοντος,
737 2313 780 2398 τῷ
807 2309 837 2372 δ’
857 2305 920 2374 άπδ
938 2308 1126 2394 χρημάτων,
1157 2308 1201 2395 τῷ
1224 2307 1256 2371 δ’

170 2405 231 2474 sini
254 2407 348 2493 δόξης
379 2408 434 2475 καῖ
451 2414 626 2497 θεραπείας
646 2405 694 2475 ὅτι
712 2412 846 2492 πολλῆς,
867 2406 961 2496 ἑτέρῳ
983 2409 1012 2472 δ’
1032 2404 1094 2473 α’πδ
1117 2430 1255 2492 στρατη-

168 2511 240 2592 γίας
259 2508 330 2590 βίου
351 2531 387 2573 τε
407 2506 486 2574 κατά
510 2508 626 2591 κόσμον
645 2511 836 2591 ἐπαινετοῦ,
858 2499 941 2596 όλλιρ
964 2507 1068 2572 δότ’
1093 2504 1254 2579 εότεκνιας

168 2607 225 2672 καῖ
245 2606 384 2695 φατρίας
407 2612 555 2696 λαμπρός
576 2602 736 2695 συγγενῶν
755 2611 810 2676 καί
829 2608 945 2696 φίλων,
964 2602 1084 2672 τοάταν
1104 2601 1253 2673 ἁπάντων

243 2794 281 2846 ¹7·
302 2772 334 2844 δὴ
353 2794 402 2848 pro
424 2776 456 2832 δὲ
473 2780 503 2834 1².
524 2785 553 2831 et
567 2778 604 2831 Μ.

166 2930 240 3001 possi
266 2946 356 2982 sumus
377 2930 489 2984 minime
512 2929 600 2990 docti,
628 2930 761 2983 iudicium
784 2930 841 2985 reri
867 2929 1065 3001 propemodum
1093 2932 1250 2998 amisimus,

167 3002 231 3052 dum
250 3003 321 3051 mola
345 3004 452 3071 perpeti
476 3002 547 3053 male
572 3000 714 3070 eligimus,
740 3008 769 3054 et
788 3017 914 3054 accusare
932 3003 1103 3074 quaerimus,
1128 3018 1250 3123 ροοτωι

167 3072 197 3121 in
214 3071 271 3124 vita
291 3072 397 3122 nullum
415 3074 519 3124 crimen
545 3074 691 3142 reperitur.
728 3073 837 3125 Etcum
855 3073 997 3144 aequalem
1015 3087 1032 3121 a
1049 3073 1108 3125 Deo
1147 3073 1250 3141 ignita·

166 3150 221 3193 tem
240 3144 312 3195 iuter
330 3158 380 3193 nos
398 3142 490 3195 sortiti
516 3143 667 3212 eademque
690 3141 726 3194 ab
745 3143 805 3210 ipso
828 3159 892 3195 cura
910 3143 1014 3211 dignati
1034 3143 1133 3206 simus,
1152 3159 1186 3195 ea
1203 3143 1250 3196 iu·

166 3214 301 3265 riosorum
323 3213 407 3264 iustsr
425 3212 618 3265 miserabiliter
642 3212 812 3277 excidimus,
840 3221 869 3265 el
888 3212 922 3266 ad
941 3212 1167 3284 inaequalitatem
1186 3215 1251 3268 resl-

167 3285 238 3345 eoti‚
272 3299 331 3334 eam
363 3284 394 3335 iu
412 3283 516 3336 honore
535 3283 688 3337 habuimus.
725 3282 794 3335 Cum
811 3300 929 3353 namque
946 3284 990 3338 rel
1008 3284 1118 3337 studere
1136 3284 1250 3339 debuis-

168 3370 258 3405 semus
283 3354 358 3406 idem
382 3354 487 3425 ingredi
510 3354 617 3407 virtutis
642 3354 818 3419 curriculum,
843 3354 887 3405 vel
912 3352 1095 3418 contendere,
1121 3362 1153 3408 ut
1176 3358 1247 3409 alius

168 3425 251 3475 aliurn
270 3425 389 3476 anteiret
415 3433 443 3477 et
459 3425 490 3478 in
516 3424 596 3478 bonis
613 3425 766 3479 actionibus
784 3441 834 3478 nos
853 3433 949 3479 mutuo
967 3426 1152 3490 vinceremus,
1170 3443 1248 3495 pror-

166 3510 213 3547 sus
231 3502 324 3546 contra
342 3493 471 3558 iacimus,
497 3502 525 3548 et
542 3504 681 3569 tamqnam
697 3496 794 3548 morbo
812 3495 929 3570 quodam
950 3495 1144 3549 absurdissimo
1166 3514 1249 3551 occu·

165 3579 268 3631 pamor.
317 3563 386 3615 Nam
413 3583 447 3618 ex
476 3567 577 3618 formae
607 3577 715 3619 nostrae
737 3566 910 3619 lineamentis
937 3568 1077 3636 sequitur,
1106 3573 1139 3619 ut
1162 3570 1248 3621 etiam

164 3633 307 3687 habitibus
326 3637 409 3688 animi
420 3637 635 3689 excelluerimus.
657 3638 692 3689 Et
708 3638 773 3708 quia
788 3638 874 3706 prime
891 3638 939 3689 illa
956 3652 1074 3707 aereque
1089 3636 1249 3690 beatissima

164 3706 299 3758 felicium
318 3707 406 3759 orbati
428 3724 535 3769 sumus,
557 3708 645 3758 visum
670 3714 711 3761 est
735 3717 860 3788 oportere
884 3706 919 3758 ad
941 3705 1024 3757 aliam
1049 3707 1248 3777 multiplicem,

164 3777 362 3830 inconstantem
388 3779 500 3830 omnino
524 3787 552 3829 et
567 3794 583 3829 a
601 3778 709 3845 seipsa
736 3777 913 3830 ‹luridentem
939 3778 1070 3836 converti.
1113 3776 1203 3848 Quam
1222 3781 1249 3833 si

163 3848 227 3916 quis
245 3864 301 3900 uon
319 3849 440 3919 appellet
460 3846 554 3900 turbas
572 3846 651 3901 valde
668 3847 780 3902 stolidas
799 3848 1020 3917 tumultumque,
1046 3847 1119 3901 huno
1142 3865 1192 3921 ego
1216 3851 1248 3902 in
1305 3856 1309 3871 ⁸

162 3918 346 3989 prudentibus
369 3919 444 3972 haud
464 3919 676 3980 numerandum,
708 3934 800 3987 neque
827 3918 869 3969 illi
890 3926 1034 3981 naturam,
1059 3918 1108 3969 setl
1137 3935 1247 3988 pravam

163 3988 285 4057 aliquam
303 3989 470 4042 voluntatem
489 3990 518 4041 in
537 3990 590 4043 hoo
605 3987 732 4043 nocuisse
742 3990 854 4058 opinor.
883 3989 950 4041 Cum
966 4003 1046 4057 porro
1064 3990 1144 4043 multi
1163 3988 1246 4041 huius

162 4059 253 4110 dictae
274 4068 302 4112 et
320 4061 458 4128 legitimae
474 4058 614 4113 felicitatis
631 4059 737 4112 diversa
754 4061 862 4112 rationo
883 4065 1003 4112 exsortes
1020 4061 1086 4123 siut,
1105 4067 1137 4112 et
1154 4057 1249 4110 homi·

163 4144 213 4180 nes
226 4131 324 4197 partim
342 4130 473 4185 maiorum
493 4130 676 4194 claritudine,
720 4132 800 4182 utin
817 4131 994 4199 pecuniarum
1011 4129 1162 4190 thesauris,
1185 4144 1247 4196 per·

163 4199 215 4250 tim
231 4201 333 4271 gloria,
351 4209 380 4254 et
396 4201 545 4257 multorum
562 4217 624 4272 erga
642 4217 671 4254 se
689 4147 877 4267 sisennus,
893 4202 994 4272 partim
1010 4206 1068 4254 arte
1084 4214 1119 4254 ss
1131 4212 1246 4256 munere
