2934 4700
241 284 329 389 ὅτίς
640 315 919 426 cttttltcvzmt

94 479 155 533 lc.
169 466 378 551 ιτήημείψατο
402 475 467 543 ταῖς
487 470 646 551 έναντίοις,
668 467 722 533 καί
739 467 794 535 τὸν
814 469 951 553 πόλεμον
969 472 1107 555 κεκίνηκε
1125 472 1192 534 κατ’
1212 466 1323 533 αὐτοῦ.

238 568 404 648 Παλαμάν
424 569 459 631 δέ
479 564 583 654 έπήνει
609 566 666 631 καί
683 567 801 643 πολλάς
820 565 973 652 ὁμολόγει
991 568 1140 655 χάριτας,
1173 563 1225 635 ὅτι
1245 573 1322 631 πολ·

239 664 296 751 λήν
325 664 406 750 ὑπὲρ
428 664 530 731 αὐτοῦ
548 668 673 732 δικαίου
701 670 758 731 καί
783 671 840 751 τῆς
868 664 1019 752 άληθείας
1048 667 1184 734 κάκωσιν
1207 667 1324 730 einere-

206 763 345 850 Βγκάτν,
371 766 464 830 ου’δὲν
485 767 610 850 ἀγεννές
631 759 704 831 οὔτε
723 764 873 852 ἔπραξεν,
903 762 1149 852 οὔτ’έφθέγξατο
1173 761 1253 849 άχρι
1272 768 1324 829 τέ·

240 871 326 941 λους.
366 862 474 929 ἔπειτα
504 865 627 931 ε’κέλευε
650 864 727 942 roric
756 866 832 949 πρὸς
865 869 1015 948 βασιλίδα
1040 866 1096 932 καί
1114 869 1249 951 βασιλέα
1268 863 1345 936 rs'rt

240 963 313 1029 υίδν
330 961 465 1050 γράφειν
483 960 615 1049 ὅρκους.
651 960 713 1033 καί
725 965 898 1052 ἐγράφοντο
918 963 973 1031 tul
990 963 1126 1048 τοάτσις,
1148 963 1229 1031 ὥστε
1248 962 1326 1048 μήτ’

239 1061 338 1129 αιῖτὸν
358 1060 538 1145 α’μάνεοθαι
560 1061 633 1139 roric
653 1062 863 1149 λελυπηκότιις
885 1064 942 1129 καί
960 1061 1109 1141 συνόντας
1128 1068 1163 1130 έυ
1181 1062 1326 1146 βασιλεί·

240 1186 287 1240 οις
306 1166 447 1245 βασιλίδι
466 1161 536 1228 τότε
558 1212 569 1247 ,
589 1160 669 1247 μήτε
691 1167 824 1248 ζημιοῦν
842 1166 959 1249 μηδὲν,
1000 1160 1082 1231 άλλά
1097 1167 1205 1230 πᾶσαν
1219 1164 1323 1246 άμνη-

240 1265 332 1328 στίσν
362 1264 561 1347 παρέχεσθαι
589 1265 653 1327 τάν
682 1267 933 1349 πεπραγμένων·
983 1263 1061 1348 μήτε
1087 1262 1237 1346 βασιλίδα
1267 1259 1327 1325 κατ’

239 1365 374 1444 βασιλέα
397 1359 454 1427 τάν
473 1359 545 1426 υἶὸν
565 1370 631 1439 τοῖς
653 1364 759 1452 έκείνιρ
784 1363 987 1448 συμπράξασι
1008 1359 1086 1427 κατά
1107 1359 1160 1427 τὸν
1182 1362 1361 1441 πόλεμονιο

238 1469 450 1546 μνησικακεῖν,
468 1462 543 1546 μηδ’
565 1463 736 1547 ἐπιχειρεῖν
753 1457 918 1544 βλάπτειν,
937 1462 1019 1546 μήτε
1037 1463 1139 1549 τέχνη,
1159 1458 1237 1544 μήτε
1257 1485 1321 1542 μη-

234 1565 320 1649 χανή
342 1563 485 1649 μηδεμιᾷ
491 1611 501 1643 ,
544 1561 613 1625 ἄλλ’
640 1555 836 1647 άμφοτέροις
864 1558 1070 1627 διαλελύσθαι
1095 1558 1130 1626 τά
1147 1557 1225 1646 πρὸς
1245 1557 1322 1633 roric

236 1659 395 1744 ἑκατέροις
424 1663 668 1746 προσκειμένους
695 1659 811 1743 ἔχθος·
852 1658 975 1747 κτήσεις
1013 1664 1049 1727 δέ
1079 1659 1165 1744 ἔχειν
1194 1654 1321 1733 πάντας

235 1757 293 1833 τοὶς
312 1754 433 1846 ἑκάστῳ
462 1757 678 1845 προσηκούσας
699 1762 753 1824 u'rs’
773 1761 894 1846 άρχῆς·
934 1759 1179 1844 συμβασιλεύειν
1200 1762 1236 1825 δέ
1256 1760 1319 1837 α’μ·

235 1860 386 1943 φοτέρους
407 1862 542 1939 βασιλέα
561 1885 594 1926 τε
614 1858 669 1925 τάν
684 1859 950 1945 Καντακουζηνάυ
975 1859 1030 1927 καί
1048 1858 1105 1925 τὸν
1131 1852 1357 1932 Hetereio-15

235 1978 290 2038 γον
306 1951 452 2041 Ἰωάννην
483 1957 541 2023 τάν
568 1961 636 2025 νέον
661 1963 815 2042 βασιλέα·
862 1961 920 2025 καί
945 1954 1093 2044 άλλήλοις
1123 1959 1243 2022 ου’νοεῖτ
1261 1952 1319 2041 τήν

140 2067 167 2120 Ρ.
177 2083 229 2137 γοα
237 2052 458 2139 προσήκουσαν
487 2050 614 2125 εὔνοιαν
639 2057 777 2142 πατράσι
808 2062 864 2124 καί
894 2058 987 2125 παισί
1018 2056 1098 2143 πρδς
1131 2051 1316 2138 ἑκατέρους·

233 2154 372 2220 erutus
400 2158 436 2221 δέ
462 2154 517 2221 τὸν
537 2161 606 2224 νέον
627 2161 673 2247 regi
691 2162 891 2248 πρεσβυτέρῳ
921 2156 1001 2224 κατά
1029 2155 1131 2224 πάντα
1170 2155 1227 2221 καί
1258 2157 1320 2219 τοῦ

234 2250 386 2339 πράττειν
413 2257 501 2345 αὐτῷ
520 2267 725 2343 παραχωρεῖν
743 2260 798 2322 ἐπὶ
818 2257 893 2323 δέκα
915 2255 999 2323 ἔτεσι
1019 2254 1074 2321 διά
1095 2253 1152 2341 τήν
1173 2256 1317 2340 ἡλικίαν·

133 2356 164 2412 V.
176 2352 314 2435 558μετά
335 2358 428 2421 τοῦτο
452 2359 487 2423 δέ
508 2361 563 2442 τῆς
583 2358 684 2444 ἀρχῆς
705 2361 923 2442 συμμετέχειν.
962 2360 1100 2424 τοιοῦτοι
1112 2358 1172 2437 μέν
1184 2352 1213 2419 oi
1230 2349 1355 2439 insarno

232 2454 429 2538 ἐγεγένηντο,
454 2455 510 2521 καί
528 2451 626 2533 sirie
642 2481 679 2526 ,τε
700 2450 824 2538 ὤμνυεν
848 2456 865 2523 ὁ
884 2453 1037 2539 βασιλεάς
1065 2454 1121 2521 καὶ
1152 2455 1171 2540 ἢ
1191 2457 1316 2537 βασιλὶς

223 2543 323 2617 'Auru
343 2551 422 2635 μετά
442 2559 598 2636 βασιλέως
620 2560 680 2622 τοῦ
697 2554 791 2632 υἱοῦ,
812 2553 894 2623 aiore
921 2553 1164 2644 παραβήσεσθαι
1176 2557 1316 2638 μηδέπο-

229 2674 272 2716 τε.
312 2656 542 2736 τετελεσμένων
572 2659 609 2723 δέ
627 2661 690 2722 τοῖν
712 2652 824 2743 άρκων,
845 2657 902 2734 τάς
919 2653 1022 2732 πάλας
1040 2653 1070 2722 οὶ
1090 2657 1125 2722 έν
1146 2653 1316 2738 βασιλείοις

302 2809 341 2863 ιδ
362 2805 499 2876 ἀλλήλους
518 2811 545 2862 Ρ.

231 2964 302 3018 mule
319 2963 433 3034 gratiam
451 2966 597 3020 retulisset
619 2976 648 3023 et
676 2970 781 3022 bellum
802 2978 896 3024 centra
918 2987 947 3024 se
965 2973 1140 3024 concitasset.
1174 2967 1316 3025 eulmen

230 3042 325 3088 eontra
342 3035 465 3090 laudarit
486 3045 514 3090 et
530 3040 631 3106 gratias
649 3042 722 3111 egit,
748 3043 823 3112 quod
841 3060 891 3112 pro
918 3044 1026 3095 iustitis
1056 3042 1227 3110 veritateque
1252 3055 1315 3107 gra·

229 3109 340 3159 vissime
359 3108 490 3171 afflicter,
510 3125 596 3180 usque
614 3108 649 3160 ad
668 3118 817 3164 extremum
837 3112 908 3165 nihil
927 3114 1065 3165 abiectum
1076 3122 1126 3166 aut
1138 3112 1252 3171 feeerit,
1268 3117 1314 3161 ant

230 3178 338 3230 dixerit
385 3178 456 3231 'l'um
483 3181 622 3249 praecepit
647 3182 800 3234 iuramenta
830 3183 864 3235 ed
890 3186 1035 3255 Augustam
1066 3192 1095 3235 et
1121 3183 1313 3251 imperatorem

230 3249 317 3300 illium
336 3250 490 3302 eonstrlbi:
509 3257 537 3303 et
554 3253 707 3321 conscripta
724 3261 790 3306 srrnt
807 3269 866 3305 eum
885 3254 928 3306 tris
945 3254 1159 3308 conditionibus.
1178 3255 1314 3319 Utneque

230 3322 290 3391 lpse
309 3320 460 3373 vindicaret
477 3322 507 3370 in
525 3336 589 3384 eos,
606 3323 654 3393 qui
674 3340 703 3375 se
725 3325 868 3378 laesissent
894 3332 923 3377 et
946 3333 1003 3378 tum
1023 3325 1165 3397 inpalatio
1185 3339 1244 3374 cum
1261 3322 1314 3370 im·

229 3391 363 3458 peretrlee
387 3390 519 3460 degerent
544 3408 635 3463 neque
659 3394 789 3448 multaret
807 3396 865 3447 ullo
882 3397 981 3461 modo,
999 3397 1046 3450 aed
1065 3397 1155 3449 omnia
1167 3392 1313 3463 praeterita

230 3459 369 3513 oblivione
387 3462 535 3531 sepeliret:
554 3478 646 3531 neque
666 3466 824 3533 imperatrix
843 3473 890 3518 ent
907 3467 981 3519 fliius
998 3469 1145 3537 imperator
1163 3465 1192 3516 in
1217 3476 1312 3523 eom

231 3527 332 3599 quibus
350 3532 410 3600 ipse
430 3533 635 3585 Cunteenaeuus
654 3532 728 3588 bello
747 3537 857 3588 adiutus
882 3547 971 3600 esset,
996 3538 1136 3590 inimicum
1163 3535 1312 3586 retinerent

230 3599 368 3665 animum,
391 3616 442 3653 nee
459 3601 515 3653 illis
533 3601 577 3653 vel
597 3613 655 3656 arte
672 3607 716 3657 vei
735 3607 789 3658 ulla
810 3607 935 3660 machina
955 3626 1053 3661 nocere
1070 3613 1247 3660 conarentur:
1263 3602 1313 3654 terl

228 3672 359 3740 utrinque
376 3672 516 3725 adversum
537 3673 625 3725 socios
644 3683 821 3748 utrorumque
838 3677 901 3731 odis
920 3678 1141 3748 deponerentur,
1164 3688 1311 3743 omnesque

229 3757 297 3809 quas
318 3743 354 3794 ab
373 3743 454 3796 initio
466 3742 640 3805 habuissent,
657 3745 780 3800 turtures
792 3766 852 3801 suas
865 3749 1029 3802 retinerent:
1049 3751 1311 3819 imperarentantem

229 3813 310 3864 ambo
331 3812 534 3866 cantarnaenus
556 3825 584 3866 et
603 3816 717 3869 loannes
734 3820 891 3872 adolescent
904 3820 1094 3889 Peleeologns:
1112 3834 1196 3888 seque
1213 3833 1247 3867 ea
1268 3816 1311 3867 ln-

228 3885 315 3935 vicem
337 3883 530 3938 benevolentia
550 3887 814 3955 complecterentur,
840 3908 894 3962 qua
919 3899 1010 3957 patres
1029 3902 1057 3945 et
1073 3890 1125 3942 iiiii
1143 3889 1249 3941 uolente
1267 3887 1311 3936 in·

229 3956 347 4025 nlorque
374 3956 475 4008 seniori
502 3957 622 4025 potiores
647 3957 767 4013 deferret
793 3962 821 4010 in
845 3960 971 4021 omnibus
1005 3979 1037 4012 sc
1062 3968 1172 4031 propter
1195 3963 1312 4010 aetatem

228 4026 352 4078 nondum
388 4028 518 4079 firmatam
552 4027 645 4078 decem
670 4045 756 4082 annos
791 4032 1027 4086 administratione
1056 4024 1311 4097 reducentibus

229 4099 352 4160 exactis,
377 4096 486 4168 aequali
511 4098 673 4151 anctoritate
697 4119 756 4152 cum
775 4118 808 4153 eo
832 4104 986 4172 imperaret.
1023 4106 1053 4157 ln
1074 4104 1122 4156 lus
1140 4102 1310 4157 conditiones

229 4174 259 4218 et
287 4168 345 4238 ipse
376 4171 530 4239 imperator
564 4179 593 4222 ct
616 4172 695 4223 Anna
717 4174 837 4243 Augusto
854 4191 915 4226 cum
943 4177 1001 4228 filio
1019 4178 1199 4248 imperatore,
1228 4182 1259 4226 at
1280 4173 1311 4225 in
