2934 4700
468 331 754 401 ιιιετοιιιιιιιιιι
782 338 837 400 ιιι.
867 336 918 407 ιε.
1149 308 1234 394 213

148 478 202 547 τίω
221 483 406 566 συμβουλῆς
427 473 557 566 ἥκουσιν
577 457 684 572 laetiq
714 481 945 568 βοηθήσοντες·
969 479 1049 549 ἄλλό
1070 481 1126 550 καί
1142 488 1305 568 βασι-ορ.
1318 490 1383 562 rtis

148 585 225 657 λέως
247 579 364 657 πολλός
394 585 561 664 καταχέειν
593 586 751 667 λοιδορίας
772 586 828 648 καί
854 575 948 649 critic
961 584 1087 649 ἐκείνων
1107 585 1234 649 ἀπολεί-

145 686 262 744 πεσθαι
283 678 341 765 τήν
361 683 407 757 εἷς
428 681 527 746 αὐτόν
539 684 675 766 πικρίαν.
707 679 783 747 ὅθεν
803 681 858 747 καί
875 680 1037 767 γενόμενος
1057 681 1092 749 ἐν
1109 685 1234 749 Θεσσα-

144 778 247 866 λονίκῃ
270 777 400 855 ον’δενός
419 784 482 845 τεόν
504 783 602 846 ἐκεῖσε
633 784 853 866 τολμηθέντων
875 784 929 848 ἐπί
948 783 1084 867 ω’μότφτι
1104 780 1160 846 καί
1175 805 1234 846 ποι

126 882 236 967 διηρίρ
270 875 472 964 βεβαμμένων
498 879 692 945 ἀπελείπετο.
733 885 858 966 πρῶτον
887 884 923 946 δέ
951 885 985 945 ἐν
1013 886 1053 969 τῇ
1081 884 1164 970 μονῇ
1186 884 1267 966 cyil.
1281 890 1333 961 ³⁷4

140 980 438 1065 προσαγορευομένῃ
459 979 572 1066 Πέτρᾳ
603 973 754 1064 όπρόῖτον
773 979 879 1061 μένειν
899 982 1122 1061 κατεδίκασαν,
1151 1005 1230 1067 προ-

143 1174 257 1256 Σαβόν
287 1176 323 1240 δέ
353 1171 407 1238 διό
428 1173 464 1238 τό
486 1177 584 1263 α’ρετῇ
604 1181 666 1241 τῶν
687 1169 790 1242 ἄλλων
811 1175 978 1262 όπερέχειν
997 1180 1052 1241 καί
1069 1177 1233 1264 χνωριμοό·
1305 1239 1312 1254 „

138 1297 238 1338 τατον
257 1277 320 1338 τῶν
337 1275 493 1353 βασιλέως
513 1274 614 1361 φίλων
634 1269 732 1355 εἶναι,
755 1277 826 1342 ἐπεί
843 1275 888 1361 μὴ
910 1286 1104 1364 συμφρονεῖν
1124 1277 1232 1352 αὐτοῖς

106 1371 317 1454 ιοέβοόλετο,
344 1374 379 1438 ἐν
403 1368 496 1462 ἐτέρρι
517 1376 598 1462 μονῇ
619 1377 656 1461 τῇ
683 1373 784 1463 Χιόρρ
811 1379 1099 1463 προσαγορευομένῃ
1126 1378 1231 1456 μένειν

142 1469 202 1535 καί
230 1465 327 1536 αότόν
350 1474 549 1559 ἐψηφίσαντο
578 1468 739 1560 δπρόϊτον.
781 1479 981 1557 βουλομένων
1010 1476 1045 1538 δὲ
1073 1472 1127 1538 καί
1153 1496 1231 1558 προ-

142 1570 234 1644 νοίας
254 1565 360 1649 όξιοῦν
380 1575 512 1656 πολλῆς,
546 1568 583 1638 οὗ
605 1573 808 1656 κατεδέξατο,
829 1574 874 1659 μὴ
896 1576 1017 1638 δίκαιον
1036 1567 1140 1655 εἶναι,
1166 1570 1230 1658 φό-

143 1693 248 1750 σκων,
269 1672 304 1735 ἐκ
322 1673 384 1735 τοῖν
406 1671 521 1752 αἵμασι
540 1673 596 1736 καί
616 1672 725 1759 φόνοις
744 1673 926 1757 χαιρόντων
945 1697 976 1737 τι
998 1678 1116 1754 λαβεῖν.
1138 1676 1229 1736 τοῦτο

141 1771 178 1835 δέ
191 1767 287 1851 μόνον
306 1767 422 1850 εἶπόν,
444 1767 487 1848 ὦς
507 1768 564 1836 τόν
585 1769 738 1835 rimidrud
759 1767 996 1858 φρουρούμενον
1014 1773 1148 1860 οὐδεμιᾷ
1166 1794 1228 1835 τινι

103 1867 269 1956 ιὸμρχανῇ
290 1866 426 1934 δυνατόν
444 1868 496 1934 ότί
516 1870 642 1947 οόδενὸς
670 1872 907 1957 διαφθαρῆναι,
924 1871 1061 1955 ἡσυχίαν
1079 1863 1142 1955 ἦγε.
1163 1877 1227 1946 τοῖς

141 1968 169 2030 δ’
192 1960 302 2041 ἄλλοις
322 1962 439 2032 ἅπασιν
459 1969 500 2033 αδ
525 1966 665 2050 μάλιστα
693 1965 865 2052 ἀξιολόγοις
891 1963 986 2050 odor,
1016 1967 1072 2054 τὴν
1091 1970 1137 2042 εἷς
1169 1967 1227 2046 τός

139 2064 224 2139 ίδίοις
246 2064 347 2146 μονὰς
368 2068 539 2153 ἐπέτρεπον
558 2067 718 2137 ἐπάνοδον.
760 2071 836 2154 περί
852 2069 912 2149 μέν
933 2062 992 2132 οὖν
1012 2066 1068 2150 τῆν
1087 2071 1149 2132 τῶν
1166 2090 1227 2149 μο-

139 2167 248 2247 ναχιόν
261 2164 433 2248 πρεσβείαν
451 2171 583 2232 τοιαῦτα
605 2167 785 2255 πατριάρχρ
799 2170 853 2233 καί
865 2175 930 2242 τοϊς
946 2166 1145 2248 συνωμόταις
1159 2168 1226 2231 ἐτε-

139 2267 233 2349 λεῖτο.
276 2263 427 2348 βασιλεῦς
449 2268 484 2333 δὲ
505 2265 523 2332 ὅ
544 2265 807 2351 Καντακοοζρνός
827 2265 871 2341 αἱς
890 2263 946 2351 τὴν
960 2266 1041 2353 turp
1062 2269 1117 2350 τῆς
1136 2265 1254 2352 cipri-C

99 2385 193 2450 αονης
213 2368 385 2450 πρεσβείαν
403 2365 422 2431 ό
433 2364 596 2452 Βαιότζης
617 2369 682 2432 δέει
692 2370 755 2432 τοῖιν
773 2364 814 2432 τό
835 2363 1005 2453 πράγματα
1027 2367 1227 2440 διοικούντων

139 2458 354 2548 όπφχόρευεν,
375 2467 421 2542 είς
440 2464 477 2530 τό
498 2463 705 2551 στρατόπεδον
730 2468 894 2551 ἐπανῆκεν.
935 2458 1010 2548 εὗρε
1031 2467 1066 2531 ti
1086 2467 1121 2530 ἐκ
1145 2467 1226 2530 Θεσ-

139 2562 306 2650 σαλονικφς
326 2565 537 2653 α’φιχμένους,
558 2563 614 2643 οὓς
635 2561 729 2646 αότός
751 2559 844 2657 όλίχιρ
865 2563 1016 2653 πρότερον
1037 2561 1115 2650 πρός
1139 2588 1227 2651 πρω-

217 2745 328 2817 necat
347 2745 467 2808 οδδινδε
481 2749 509 2802 Ρ.
561 2760 605 2803 sn.
624 2746 774 2822 ἀρχόντων
791 2749 819 2802 r.
833 2766 883 2823 pro
900 2747 1099 2805 διοικοδντοιν.

140 2924 196 2970 tem
214 2917 368 2982 intuentes,
386 2926 415 2972 et
428 2919 516 2972 selum
534 2919 687 2990 meliusque
701 2920 849 2973 consilium
866 2920 1051 2990 praeferentes
1065 2920 1090 2972 ei
1109 2919 1148 2971 sic
1164 2921 1225 2990 opi·

139 2987 258 3040 tutatum
277 2990 426 3057 venirent,)
442 3005 535 3042 rerum
551 2993 632 3043 etlam
652 2996 683 3041 nt
699 2992 808 3060 probris
827 2991 922 3043 multis
943 2991 1132 3059 imperatorem
1151 2988 1225 3042 Can-

138 3065 298 3111 tacuzennm
329 3061 494 3123 incesseret,
527 3076 578 3112 nec
593 3076 622 3111 se
648 3060 683 3111 ab
709 3061 776 3128 ipsis
804 3060 965 3128 conspiratis
990 3059 1169 3110 arnaroientia
1194 3062 1224 3114 in

138 3127 218 3180 ilium
236 3128 308 3182 vinci
327 3139 475 3198 pateretur.
498 3128 577 3183 Vnde
595 3139 624 3182 et
639 3129 850 3184 Thessalonicae
867 3144 927 3182 cnm
944 3130 997 3179 lem
1016 3136 1101 3192 estet,
1116 3130 1225 3182 nulium
1294 3140 1300 3158 ¹

140 3205 199 3253 erat
219 3198 258 3250 ibi
278 3207 332 3251 tarn
350 3202 445 3255 nobile
463 3200 627 3255 crudelitate
645 3208 674 3252 et
690 3201 815 3270 nequitia
834 3196 921 3252 scelui
940 3207 1005 3251 aute
1023 3206 1226 3268 perpetratum,

139 3272 183 3322 cni
203 3271 265 3339 ipse
286 3289 340 3322 ιιοιι
354 3289 407 3392 par
423 3272 534 3330 faceret,
566 3271 697 3323 isaacium
718 3288 798 3332 sero,
817 3270 865 3342 qui
885 3267 1009 3322 ordinem
1028 3269 1160 3331 ducebat,
1188 3269 1225 3323 acl

138 3341 336 3392 monasterium
374 3348 432 3393 etra
452 3341 555 3394 dictum
573 3341 768 3394 condemnantr
787 3342 837 3403 ita,
855 3347 886 3391 ut
902 3355 917 3390 a
937 3339 1046 3392 nemine
1065 3341 1226 3392 convenire·

139 3418 200 3474 tur,
219 3411 296 3464 nulia
314 3420 402 3463 tamen
421 3428 450 3464 re
469 3411 504 3463 aci
526 3411 672 3464 curandum
689 3427 789 3480 corpus
807 3411 957 3463 necessaria
979 3418 1078 3478 egeret.
1115 3410 1225 3475 sabam,

139 3480 215 3551 quod
233 3482 335 3534 virtute
354 3485 450 3534 ceteris
468 3476 617 3534 antestaret
637 3487 763 3551 essetque
781 3482 951 3551 imperatoris
973 3480 1093 3533 amicitia
1112 3481 1225 3534 notissi-

138 3567 200 3605 mus
218 3561 247 3605 et
263 3550 299 3602 ub
324 3553 390 3621 ipsis
408 3553 495 3605 iacere
512 3553 614 3613 nollet,
639 3551 668 3602 in
687 3552 742 3603 aiio
761 3554 943 3614 monasterio,
972 3551 1060 3604 Chora
1078 3551 1227 3619 appellato,

139 3638 268 3685 manere,
293 3638 345 3675 nec
361 3640 422 3674 eum
440 3640 455 3675 a
473 3638 611 3694 quoquam
630 3620 700 3674 adiri
721 3621 905 3675 decreverunt
943 3621 1033 3691 Quem
1052 3638 1112 3672 curn
1129 3620 1225 3674 sedulo

139 3709 234 3746 curare
258 3693 378 3757 velient,
409 3710 465 3745 non
490 3695 570 3756 tulit,
598 3692 739 3760 dixitque,
757 3693 883 3765 iniquum
906 3707 964 3743 csse
991 3690 1024 3743 nb
1048 3693 1097 3753 iis,
1121 3692 1169 3761 qui
1195 3693 1225 3741 in

139 3762 223 3816 caede
251 3771 280 3817 et
304 3763 435 3833 sanguine
454 3764 621 3832 voluptutem
646 3760 797 3827 haberent,
842 3762 973 3834 uidquam
999 3762 1131 3830 accipere.
1167 3761 1225 3814 Hoc

139 3842 230 3886 sutem
249 3835 308 3886 solo
325 3833 419 3896 dicto,
439 3850 521 3903 quem
542 3834 614 3885 licus
631 3839 771 3894 tueretur,
785 3780 869 3884 'uuila
887 3850 947 3886 eum
969 3829 1093 3884 machine
1110 3830 1145 3883 nb
1166 3832 1225 3882 uilo

138 3906 295 3958 mortalium
312 3921 392 3975 posse
415 3902 552 3968 interimi,
577 3904 706 3970 deinceps
725 3903 819 3956 tacuit.
854 3903 960 3957 Ceteris
977 3917 1058 3972 porro
1087 3900 1226 3964 omnibus,

139 3981 244 4028 utnon
263 3974 334 4027 tenti
352 3973 543 4037 aestimandis,
569 3973 604 4024 ad
622 3973 785 4027 monasteria
803 3989 851 4024 sua
878 3973 1057 4025 reversionem
1085 3986 1225 4026 concesse-

141 4052 211 4096 runt
248 4045 424 4115 Legationem
443 4040 634 4095 monachorum
652 4040 804 4111 patriarche
823 4048 851 4093 et
868 4043 1001 4093 coniurati
1020 4043 1054 4094 ud
1076 4042 1149 4094 hunc
1166 4056 1226 4093 mo·

142 4110 205 4164 dum
222 4123 396 4182 exceperunt
422 4114 641 4176 Centacuzenus,
659 4113 801 4181 postquam
820 4114 940 4166 Batatzes
952 4110 1134 4182 legationede
1147 4124 1225 4177 pace,

143 4191 215 4236 metu
234 4202 346 4246 eorum,
371 4185 417 4252 qui
436 4183 601 4254 regnabant,
628 4182 703 4253 iungi
724 4181 882 4250 pertimuit,
908 4181 943 4234 ad
962 4184 1107 4235 exercitum
1127 4176 1223 4234 rediit:

143 4250 192 4305 ubi
210 4254 322 4309 reduces
342 4255 463 4320 inuenit,
489 4271 558 4326 qum
576 4270 664 4324 nuper
682 4250 717 4305 ad
734 4260 956 4322 protostratorcm
976 4253 1099 4317 miserat,
1126 4249 1224 4308 nuuti-
