2934 4700
501 217 787 303 ιιιειοιιιιιιιιι
815 221 870 286 ιιι.
901 224 954 291 ιι.
986 259 990 276 .
1176 188 1258 304 ι55

176 359 285 451 inae,
317 364 361 446 ἀς
379 372 597 453 ἀμυνοῦνται,
624 366 667 437 ἀν
687 375 760 460 ἐπίῃ
783 394 832 448 τις
852 371 969 453 αι’ντοῖς,
991 370 1177 457 ἀπογνόντες
1198 370 1407 459 sistartia

149 463 156 474 ’
175 471 289 535 ἐλπίδα
303 471 364 534 sori
382 468 654 556 περιγενήσεσθαι,
669 473 862 558 ἀνέστρεφον
880 475 925 547 είς
937 474 1175 559 Θεσσαλονόιιγν,
1183 475 1258 557 χαί-

176 592 285 658 ροντες
313 569 399 650 όμοό
427 571 485 634 καί
502 575 737 655 παιανιζονεες,
760 572 922 654 ἀρκοῦσαν
943 569 1113 655 ἡγεόμενοι
1134 571 1191 657 τὴν
1211 575 1258 640 νί-

173 696 249 754 κγν,
285 664 337 734 ότι
368 672 425 754 τῆς
447 670 614 753 Ῥωμαίων
640 676 697 757 γῆς
719 673 855 754 βασιλέα
876 667 1024 749 ἐξελάσαι
1041 669 1256 756 ἤδενὴθρσανι

153 770 241 837 tinet
260 771 297 835 it
318 766 348 834 ολ
366 767 524 851 βασιλέως
544 769 739 845 ἀποστάντες
760 764 918 857 ὤφθησαν
935 770 1119 859 Ἀποκαόκρι
1139 776 1182 859 τῷ
1198 795 1256 852 με·
1339 819 1348 828 -

159 864 256 958 ,γάλιρ
287 871 399 946 icosi,
431 869 548 952 ἀλίγοις
572 871 634 952 μὲν
659 867 777 954 πολλὴν
804 866 999 935 caracutium
1018 868 1255 955 φιλοφροσύνην

168 972 226 1035 καί
251 969 287 1035 ἐν
320 977 387 1048 τοῖς
414 966 555 1049 μάλιστα
583 969 645 1033 τάν
673 974 777 1054 φίλων
796 962 870 1053 ἦγε,
911 968 975 1033 τοῖν
996 970 1032 1033 ἀλ
1053 961 1157 1033 ἄλλων
1177 967 1254 1046 τούς

169 1070 231 1150 μὲν
251 1060 361 1154 ἀκρσις
382 1068 505 1150 χειλεσι
522 1063 619 1150 μόνον
639 1064 867 1154 προσργόρεοι,
881 1077 947 1143 τοῖς
968 1060 1077 1143 ἀλλοις
1095 1069 1131 1131 δὲ
1151 1089 1252 1151 προσ·

169 1170 303 1252 εφέρεεο
336 1168 531 1253 εἰρωνικῶς·
582 1164 650 1232 ἔστι
676 1170 713 1232 δὲ
746 1160 794 1244 οἷς
820 1168 877 1232 καί
910 1167 1052 1245 ω’νείδιζε
1079 1166 1138 1251 τῆν
1167 1164 1274 1249 ucria
1308 1249 1314 1262 ἡ

132 1269 437 1352 ιοΚαντακοοζρνοό
456 1269 514 1330 τοῦ
533 1269 690 1349 βασιλέως
711 1267 921 1332 ἀποστασίαν.
944 1269 1037 1352 δῆλος
1053 1268 1089 1331 δὲ
1105 1261 1250 1351 ἤνπιῖσιν

171 1364 445 1449 ἔμπικραινόμενος
471 1368 526 1433 καί
552 1370 655 1443 κακῶς
681 1364 834 1452 ποιήσων,
858 1359 898 1431 όν
919 1364 1058 1452 λα’βνγταί
1072 1390 1156 1442 τινος
1173 1388 1251 1453 προ·

172 1460 300 1553 φάσεας
318 1462 460 1549 εόλόγοο.

249 1562 312 1647 μβ.
333 1563 526 1645 Πυθόμενος
536 1567 572 1630 δὲ
591 1567 647 1629 καί
665 1568 742 1652 περὶ
756 1565 963 1650 aasumensi,
985 1557 1035 1629 ότι
1055 1564 1118 1630 aino
1132 1569 1278 1658 Teutas-0

167 1666 232 1728 λοῖν
242 1669 481 1750 πολιορκοῦνται
501 1663 617 1748 χρόνον
643 1657 704 1750 ἤδη
721 1663 846 1748 συχνόν,
862 1664 937 1744 τεός
951 1663 1063 1742 ἱππέας
1078 1661 1147 1731 boos
1166 1659 1248 1750 ἦσαν

127 1757 236 1845 ιὸόμα
264 1773 330 1839 τοῖς
349 1774 537 1849 στρατηγοῖς
556 1764 790 1847 Παλαιολόγοις
816 1773 883 1842 τοῖς
913 1768 1006 1831 δυσίν
1025 1767 1148 1831 ἐκέλευε
1166 1791 1248 1846 σομ-

160 1865 336 1929 πλίκεσθαι
359 1873 425 1938 τοῖς
449 1869 617 1947 Τριβαλοῖς
647 1867 704 1928 καί
721 1865 778 1946 τῆς
798 1868 977 1948 πολιορκίαις
995 1863 1194 1950 Ἐδεσσηνοός
1214 1868 1248 1931 ί-

159 1964 346 2047 λειιθεροόν.
386 1962 406 2046 ἦ
436 1965 498 2043 μὲν
525 1956 582 2028 σόν
612 1961 748 2047 στρατιαὶ
776 1960 856 2027 κατιλ
875 1961 909 2028 τό
931 1964 1086 2046 ἐπίταγμα
1108 1957 1184 2048 ἧκον
1203 1963 1248 2040 οἷς

159 2058 369 2143 μαχούμενοι.
407 2064 562 2146 Τριβαλοί
581 2064 616 2127 δὲ
635 2066 731 2146 μέχρι
747 2063 808 2142 μὲν
828 2056 1065 2145 ἀκροβολισμῶν
1086 2066 1247 2143 ἐνέμειναν

160 2161 205 2247 τῷ
225 2161 445 2248 στρατοπέδῳ,
480 2159 617 2243 οἰόμενοι
635 2162 813 2242 Ῥωμαίους
842 2161 882 2224 ov‘
914 2157 1108 2246 δυνήσεσθαι
1127 2155 1246 2237 αότοός

120 2261 215 2341 κοπῆς
241 2263 422 2343 πολιορκίας
450 2256 647 2345 ἀναστήσειν.
688 2259 731 2337 ἀς
760 2261 796 2324 δὲ
816 2255 925 2342 ἓιόρισν
952 2261 1077 2333 πλείοις
1095 2281 1131 2321 τε
1153 2247 1245 2334 όντας
1304 2309 1309 2318 .

158 2357 215 2423 καί
224 2357 597 2442 προθόμουςμάχεσθαι,
614 2364 784 2442 δείσαντες,
804 2357 848 2444 μὴ
871 2356 932 2423 ὑπὸ
949 2356 1143 2445 φιλονεικιλις
1163 2356 1244 2422 ἀπό.

158 2464 275 2523 λανται
299 2460 441 2524 πλεόνσιν
470 2459 553 2541 όμοό
577 2463 633 2526 καί
650 2457 789 2542 βελτίοσι
807 2455 1010 2541 μαχόμενοι,
1044 2456 1241 2537 συνταξάμε-

158 2578 210 2620 νοι
229 2555 429 2642 ἀνεχιόρολιν,
450 2556 486 2623 τὸ
506 2558 722 2643 στρατόπεδον
740 2555 977 2639 καταλιπόντες,
1001 2553 1125 2639 όλιγοιις
1145 2581 1241 2640 στρα-

160 2651 275 2730 τιιότας
303 2658 338 2721 ἑν
357 2664 424 2731 τοῖς
445 2660 687 2741 ἀκροβολισμοῖς
706 2651 930 2740 ἀποβαλόντες.
973 2652 1125 2738 Ῥωμαῖοι
1145 2657 1182 2721 ἀλ
1201 2651 1271 2727 sio

226 2827 251 2864 a·
270 2812 474 2883 περιγενέσθαι
491 2810 527 2863 Μ.
546 2827 597 2881 urg.

153 2950 327 3021 pulsaturus,
346 2951 452 3003 abiecta
471 2967 519 3020 spe
537 2952 681 3016 victoriae,
700 2952 924 3005 Thessalonicam
944 2950 1101 3011 redierunt,
1119 2949 1241 3020 gauden-

153 3028 195 3074 tes
214 3028 243 3074 ct
258 3038 362 3091 paeana
379 3029 524 3083 canentes,
554 3024 675 3094 satisque
694 3040 817 3092 magnam
836 3022 979 3075 victoriam
998 3024 1065 3083 rati,
1092 3018 1166 3090 quod
1188 3021 1242 3071 lio·

152 3107 234 3145 nano
250 3093 311 3145 solo
329 3094 519 3161 imperatorem
535 3094 674 3160 expellere
691 3095 856 3162 potuissent.
884 3094 1044 3146 Desertores
1059 3090 1241 3159 imperatoris,

153 3160 203 3215 nbi
221 3163 251 3215 in
276 3170 452 3231 conspectum
477 3162 635 3232 Apocaucbi
657 3171 808 3227 venerunt,
834 3178 935 3284 paucos
962 3163 1074 3215 comiter
1096 3159 1242 3214 admodum

153 3233 254 3301 accipit
274 3248 376 3303 eosque
393 3232 423 3284 in
446 3232 618 3286 amicissimis
640 3233 741 3299 habet;
765 3251 799 3286 ex
819 3235 881 3286 aiis
901 3231 1048 3286 nonnullos
1066 3247 1171 3283 summo
1193 3246 1241 3284 ore

152 3308 233 3354 tenus
250 3302 370 3354 salutat:
397 3320 456 3354 cum
475 3302 640 3373 quibusdam
657 3305 785 3357 simulate
803 3304 876 3375 agit:
904 3301 1045 3374 aliquibus
1068 3302 1151 3353 ctiam
1177 3318 1239 3353 cum

152 3371 342 3425 Csutacuseuo
362 3373 544 3427 deiectionem
563 3374 725 3443 exprobrat:
758 3374 787 3427 in
814 3390 909 3428 ornnes
937 3382 1031 3426 tamen
1050 3378 1239 3442 exasperatum

152 3449 180 3497 et
194 3441 407 3506 vindicaturum,
427 3444 452 3495 si
469 3442 642 3498 occasionem
661 3445 786 3498 idoneam
805 3446 1021 3507 nancisceretur,
1038 3442 1150 3512 planum
1171 3450 1239 3495 erat.

220 3519 264 3581 4²·
301 3512 368 3565 Cum
397 3521 487 3567 autem
506 3513 706 3580 intellexisset,
733 3514 886 3569 Edessenos
910 3530 927 3566 a
953 3513 1085 3567 Triballis
1109 3512 1157 3564 diu
1183 3514 1238 3564 iarn

149 3583 287 3645 obsideri,
308 3586 416 3657 equites
435 3591 575 3656 quotquot
595 3594 691 3649 erant,
716 3601 771 3637 uua
790 3602 851 3639 curn
871 3585 944 3637 binis
964 3582 1079 3638 ducibus
1098 3582 1240 3636 Palasolo·

148 3655 205 3723 gis,
228 3654 329 3708 collato
347 3670 407 3707 cum
428 3653 619 3708 obsidentibus
637 3655 755 3725 proelio,
773 3656 836 3708 illua
853 3655 972 3709 liberare
992 3654 1082 3708 iussit.
1107 3654 1238 3723 Equitum

148 3731 254 3779 mruse
278 3739 329 3795 pro
354 3723 483 3778 mandato
506 3725 675 3779 adveniunt:
705 3724 825 3778 Triballi
846 3742 933 3795 usque
957 3724 1023 3777 dum
1046 3724 1142 3777 iaculis
1161 3730 1238 3793 pete·

146 3803 261 3858 rentur,
290 3797 385 3848 castris
405 3812 434 3849 se
452 3796 612 3859 continent,
640 3797 800 3864 opinantes,
827 3813 884 3850 non
910 3811 989 3864 posse
1014 3810 1043 3847 ae
1070 3810 1086 3844 a
1112 3792 1237 3846 Romanis

147 3865 216 3918 urbe
231 3866 403 3919 summoveri.
438 3865 539 3919 Verum
559 3873 591 3919 ast
617 3873 830 3934 perspexerunt,
852 3865 945 3934 plures
963 3882 1022 3917 esse
1050 3871 1079 3917 et
1094 3860 1236 3933 pugnandi

149 3936 280 4006 cupidos,
307 3944 382 3990 metu
405 3937 576 3997 incessente,
599 3952 635 3988 nc
658 3936 785 4005 pluribus
804 3953 835 3989 ac
859 3933 1060 3989 strenuioribus
1083 3938 1235 4003 pugnantes

149 4005 352 4065 occumberent,
371 4006 465 4059 castris
484 4005 587 4059 relictis
606 4021 638 4056 ac
653 4007 749 4075 paucis
768 4021 879 4059 suorum
901 4005 957 4058 ictu
977 4006 1136 4076 sagittarum
1153 4003 1234 4054 ansis·

147 4077 200 4141 sis,
216 4077 292 4131 diets
310 4076 400 4137 salute
417 4073 556 4130 recedunt.
585 4076 707 4128 ltonsani
725 4084 830 4140 castra,
849 4076 930 4147 equis
948 4095 1004 4139 non
1022 4073 1114 4145 paucis
1134 4079 1162 4124 et
1181 4069 1237 4123 alia

145 4146 246 4219 praetia
271 4155 400 4219 seperta,
427 4145 570 4219 diripiunt.
604 4146 750 4221 ,biberetis
773 4145 810 4199 ad
834 4145 910 4203 hanc
936 4144 1048 4202 modurn
1073 4141 1236 4206 Edessenia,
