2934 4700
454 253 738 322 ιιιιτοιιιιιιιιιιι
758 254 815 315 ιιι.
836 255 888 323 τι.
954 250 959 253 ’
1133 219 1218 321 463

143 409 340 498 ἀνοίγουσιν,
366 410 432 477 ἀλλ’
467 406 566 483 αότός
593 401 782 490 ἐπιορκήσας
808 403 863 468 κατ’
899 394 1138 484 συκοφαντήσας
1170 398 1366 481 enitentia

143 514 198 581 τόν
218 511 353 593 πόλεμον
382 504 564 590 κεκινηκιός,
597 502 620 569 ἀ
647 500 800 589 πρότερον
833 492 889 565 οόκ
916 496 1060 585 η’δανὴδη
1089 498 1143 562 διά
1163 502 1224 564 τῶν

143 616 267 681 πολλῶν
294 607 435 691 αἱμάτων
465 609 521 671 καί
539 607 602 669 ταῖν
621 603 800 686 ἀνηκέστων
821 597 1084 684 καταπράξασθαι
1105 602 1221 679 κακαῖιη

142 712 177 778 τό
199 712 255 792 ἐμὲ
276 712 484 794 διαφθεῖραι,
515 705 616 769 ταῦτα
637 706 695 767 νῦν
714 701 846 775 ἐλπίσας
872 699 1319 780 exterminantem-610

123 815 200 887 ὄτοά
221 812 328 897 peteo,
350 800 492 890 ἤνοιξεν,
512 800 558 879 σός
581 825 672 889 φησι,
695 798 734 866 τά
757 796 933 881 σπλάγχνα,
955 791 1017 880 οόχ
1038 796 1090 862 ἵνα
1112 802 1225 882 aptior-
1331 834 1341 859 t

142 914 281 997 θρώποις
301 911 452 992 δέξηται,
474 895 586 992 (τοῦτο
609 900 671 987 γάρ
693 906 728 968 έκ
750 899 868 966 πολλοῦ
889 896 1030 978 δεόμενος
1051 893 1147 976 αότός
1168 896 1250 961 οὔτ’

142 1008 350 1090 εἶσακοάομαι
362 1011 387 1094 ,)
409 1005 538 1070 ἀλλ’ἵνα
560 1005 708 1091 καταπίῃ.
751 1002 852 1064 ταῦτα
871 999 931 1079 μὲν
950 989 1008 1061 σόν
1028 998 1059 1062 εἰ
1077 1000 1132 1060 καί
1148 1022 1225 1081 τρα.

141 1105 277 1194 χότερόν
299 1129 365 1180 πως
386 1107 472 1168 δοκεῖ
489 1105 647 1187 εἰρῆσθαι,
668 1096 835 1183 συγγνώμη
853 1099 897 1185 cpi
909 1092 1013 1166 πάθει.
1054 1094 1143 1179 apem*
1162 1094 1223 1183 γάρ

141 1204 205 1273 aino*
239 1207 363 1270 πολλῶν
388 1198 589 1285 ἀδικημάτων
619 1204 785 1268 πιεσθεῖσα
814 1197 869 1261 καί
888 1195 1065 1270 κατώδανος
1092 1198 1225 1259 τοιαῦτα

106 1301 184 1383 ιοάν
214 1304 366 1388 ἐξενέγκοι
398 1300 454 1365 καί
479 1301 583 1388 πολλῷ
609 1294 802 1384 τραχότερα.
854 1293 935 1379 πρὸς
962 1301 1026 1369 τοῖς
1055 1289 1160 1369 ἀλλοις
1182 1296 1227 1359 ’δὲ

144 1406 201 1473 καί
227 1402 262 1469 τό
297 1397 453 1482 ἐπιτίμιόν
485 1422 583 1484 φησιν
615 1399 689 1479 ἐμοί
724 1397 832 1462 λύσειν
862 1389 1080 1478 χαριζόμενος.
1120 1392 1227 1474 εἰμὲν

145 1498 200 1571 σόν
220 1504 329 1583 οἶδάς,
349 1497 372 1564 ἃ
393 1502 447 1564 δεῖ
467 1496 543 1583 περὶ
561 1501 626 1562 τοῖν
646 1498 820 1577 ἐπιτιμίων,
840 1497 970 1558 τοιαῦτα
990 1488 1154 1557 πλάττεται
1174 1494 1229 1558 κατ’

145 1600 245 1668 οἴεται
265 1600 437 1686 έξαπατηῖν,
459 1591 626 1679 συγγνώμη
646 1592 743 1676 πολλὴ
765 1592 800 1657 τό
824 1591 935 1665 εἰωθός
955 1594 1122 1656 ποιοῦντι·
1150 1591 1181 1655 τί
1200 1591 1228 1655 δ’

145 1704 256 1785 ἀγνοεῖ
269 1695 325 1781 την
345 1692 496 1776 δύναμιν,
523 1691 564 1776 ἣν
594 1692 662 1776 ἔχει
690 1691 764 1777 περί
783 1689 822 1755 τά
842 1690 993 1771 τοιαῦτα,
1020 1685 1098 1774 ὅπερ
1120 1685 1228 1768 οἴομαι

106 1801 200 1874 ιόκαί
219 1793 373 1880 μάλιστα,
404 1794 463 1877 tyci
494 1790 623 1871 διδάξω.
663 1795 727 1858 ταῖν
756 1788 932 1876 ἀνθρώπων
963 1786 992 1853 οἱ
1028 1791 1088 1870 μὲν
1121 1782 1253 1872 opinion

145 1901 249 1983 βιοῦσι
271 1898 327 1959 κατ’
346 1890 454 1974 νόμοις
476 1895 667 1976 προσέχουσι
693 1894 774 1955 θεοῦ
804 1887 953 1968 καὶπερὶ
983 1884 1039 1972 τὴν
1064 1885 1169 1951 πίστιν
1193 1887 1232 1951 ἀ-

144 2001 278 2083 σφαλεῖς
298 1995 394 2072 εἰσιν,
438 1987 468 2055 οἱ
491 1994 527 2055 δέ
555 1992 740 2054 τοάναντιλιν
769 1985 863 2052 άπαν.
906 1982 992 2060 όσοις
1022 1977 1077 2050 οὖν
1095 1981 1118 2067 ἢ
1138 1986 1232 2051 ἀσέλ-

144 2119 229 2180 γειαι
255 2086 275 2177 ἢ
306 2094 465 2175 ἐπιορκίαι
492 2083 514 2174 ἢ
541 2086 632 2173 φόνοι
657 2082 678 2172 ἦ
705 2090 818 2152 τιτῶν
839 2085 1100 2168 ἀπηγορευμένων
1123 2086 1232 2167 ἕτερον

144 2185 332 2276 τολμάταιῆ
352 2189 428 2274 περὶ
445 2186 502 2272 τὴν
519 2190 624 2252 πίστιν
646 2185 850 2274 σφάλλονται,
873 2184 1006 2266 δόγμασι
1026 2183 1231 2264 προσέχοντες

105 2300 290 2376 ηοπονηροῑς
319 2287 374 2353 καί
403 2286 658 2373 διεφθαρμένοις,
692 2277 779 2349 οὗτοι
805 2289 860 2368 τῆς
877 2283 1004 2367 μερίδος
1024 2277 1158 2355 ἓαντοάς
1175 2275 1229 2364 η’λ-

146 2388 334 2475 λοτριάκασι
354 2390 411 2452 τοῦ
434 2389 595 2470 Χριστοῦ·
632 2384 764 2464 οόδεμία
784 2382 845 2467 γάρ
877 2382 1022 2445 κοινωνία
1047 2377 1132 2465 φωτί
1150 2377 1231 2464 πρός

146 2486 267 2563 σκότος.
310 2486 338 2551 οἱ
368 2485 527 2569 ἀρχιερεῖς
548 2486 583 2548 δέ
603 2487 664 2549 τῶν
684 2482 783 2547 θείοιο
803 2477 991 2564 θελημάτων
1012 2481 1090 2544 εἰσίν
1111 2478 1229 2563 ἐκράν-

145 2609 236 2674 τορες
266 2584 323 2650 καί
353 2585 529 2649 διδακτικοί
553 2582 609 2648 καί
638 2583 837 2667 προνοητικοί
865 2587 929 2650 τάν
955 2571 1067 2648 ittae.
1108 2582 1228 2664 πρῶτον

218 2725 281 2799 ipo?
299 2725 446 2796 δσέλγειατ
464 2724 526 2778 add.
543 2725 580 2778 M

145 2862 282 2922 qnenunc
293 2851 408 2898 reserat:
426 2843 474 2896 aed
492 2845 551 2913 ipse
568 2843 694 2912 periurur
712 2849 741 2896 ct
758 2844 938 2900 calumniator
955 2854 985 2899 et
1001 2846 1070 2902 belli
1090 2850 1225 2915 incentor,

149 2915 224 2990 quod
245 2923 326 2969 antea
347 2932 397 2985 per
422 2914 520 2966 multae
544 2914 641 2965 caedes
669 2922 696 2966 et
718 2916 832 2967 iniuriae
851 2917 1033 2970 atrocissimae
1049 2919 1153 2973 efficere
1171 2936 1224 2972 ne-

146 2988 253 3060 quivit,
269 2996 299 3039 ut
316 3003 359 3038 roe
376 2986 563 3047 interimeret,
580 2983 609 3037 id
628 2996 701 3035 nunc
720 3000 754 3036 ex
773 2986 923 3040 mendaciis
941 2987 1020 3039 amici
1038 3006 1067 3041 ec
1086 2997 1227 3041 aerecutu.

145 3075 206 3113 rum
224 3059 352 3118 confisus,
369 3056 469 3106 viscera
487 3056 591 3122 aperit,
620 3065 651 3106 ιιι
666 3055 721 3117 ait,
741 3071 797 3106 ιιοιι
815 3062 846 3105 ιιι
863 3053 1020 3110 humaniter
1036 3075 1080 3117 me
1099 3060 1226 3127 accipiat,

146 3127 211 3253 ρλροα
231 3128 304 3180 onim
324 3124 429 3196 pridem
448 3124 507 3194 ipae
524 3126 668 3178 obsecrans
686 3140 743 3176 non
760 3124 913 3196 eraudi0r‚)
930 3127 979 3188 aed
996 3136 1028 3180 ut
1044 3143 1087 3179 me
1105 3127 1227 3184 devoret.

174 3215 221 3251 aec
238 3199 261 3249 si
276 3198 419 3267 aliquanto
445 3194 595 3247 nculcatius
615 3194 689 3246 dicta
711 3192 872 3258 videantur,
900 3201 1010 3250 affectui
1035 3206 1155 3251 meretur
1179 3215 1228 3252 ve·

147 3269 229 3322 niam.
270 3268 383 3320 Animae
411 3264 484 3318 enim
503 3265 630 3333 pluribus
649 3280 756 3334 precene
778 3273 806 3316 et
825 3261 995 3319 exulceratur
1014 3268 1122 3323 iniuriis
1133 3305 1143 3332 ,
1160 3270 1228 3324 talin

149 3345 179 3391 et
194 3337 280 3390 multo
302 3337 385 3391 etiam
401 3338 539 3406 asperiora
556 3336 627 3388 colet
645 3336 734 3388 edere.
778 3334 887 3390 Praeter
904 3347 994 3391 cetera
1012 3341 1094 3391 ctiam
1110 3354 1228 3409 poenam

149 3407 330 3462 anathematis
349 3405 419 3460 mihi
442 3406 659 3459 condonaturum
683 3404 837 3475 pollicetur.
895 3408 925 3461 Si
956 3408 1041 3476 igitar
1070 3409 1105 3463 de
1128 3411 1226 3480 poenit

149 3495 206 3531 rem
224 3485 318 3530 tenena
326 3517 336 3542 ,
354 3488 387 3531 ut
404 3476 502 3539 debet,
523 3475 592 3530 haec
612 3476 691 3559 fingit
710 3483 739 3526 et
756 3493 798 3530 me
817 3478 995 3562 decepturum
1013 3490 1111 3549 eperat,
1131 3482 1227 3538 volenr

148 3551 293 3618 antiquum
318 3549 456 3601 obtinenti
477 3549 598 3617 ignosco.
633 3547 682 3600 Sin
711 3546 985 3621 autem,qu1daibi
1013 3550 1042 3601 in
1072 3550 1115 3603 hia
1133 3551 1227 3618 liceat,

148 3621 269 3703 ἰηιιοιιι,
293 3626 323 3669 ut
348 3620 476 3690 equidem
500 3634 577 3681 reor,
603 3633 652 3686 ego
681 3615 771 3685 ipsam
802 3617 915 3673 docebo.
956 3620 1086 3676 Homincr
1112 3622 1225 3691 quidam

146 3697 233 3742 artam
257 3695 348 3741 sancte
373 3696 401 3741 ct
426 3687 525 3741 divinia
551 3684 657 3757 legibue
676 3689 870 3742 convenienter
893 3691 1059 3754 instituunt,
1084 3700 1168 3762 atque
1193 3697 1225 3750 in

147 3760 283 3830 religione
300 3758 369 3809 firmi
386 3775 416 3809 ac
434 3759 544 3810 stabiles
562 3768 643 3811 aunt:
682 3757 776 3810 uidam
792 3776 901 3828 prorrua
920 3763 1056 3813 contraria
1072 3763 1118 3815 via
1133 3764 1226 3830 gradi·

147 3838 239 3881 untur.
284 3827 474 3900 Quotcamque
500 3831 585 3898 igitur
602 3837 651 3880 aut
662 3775 787 3881 ¹iibidine
805 3838 852 3881 aut
869 3832 990 3900 periurio
1011 3826 1059 3883 aiat
1075 3832 1226 3888 homicidio

147 3908 196 3953 aut
221 3900 277 3951 alio
303 3899 432 3969 quopiam
460 3901 665 3952 interdictorum
689 3915 717 3950 re
745 3901 946 3964 contaminant,
973 3911 1021 3955 aut
1041 3903 1070 3954 in
1090 3903 1154 3956 fidei
1173 3905 1227 3956 ‹lo-¹

64 4001 74 4020 r
148 3973 235 4023 ctrina
256 3986 346 4022 errore
366 3968 459 4038 atiquo
479 3969 623 4031 ducuntur,
644 3969 674 4020 hi
693 3983 751 4020 rese
770 3986 786 4019 a
806 3969 909 4023 Chriati
925 3979 1003 4041 parte
1020 3970 1227 4028 abalienarunt:

148 4041 224 4091 nulia
241 4041 344 4111 quippe
363 4041 478 4090 socictaa
498 4040 551 4092 ioci
570 4040 604 4093 ad
622 4038 758 4097 tenebrae.
794 4041 922 4110 Episcopi
941 4050 1032 4096 autem
1051 4043 1159 4098 divinae
1176 4062 1226 4096 vo-

147 4110 261 4165 tanneia
288 4112 450 4180 interpreter
477 4117 505 4161 et
529 4110 653 4163 doctores
677 4120 747 4164 aunt.
785 4111 882 4180 ltaque
908 4112 950 4165 illi
974 4115 1056 4182 primi
1085 4129 1102 4163 a
1126 4115 1225 4184 epirita

147 4180 240 4246 docti,
267 4183 377 4253 quinam
404 4189 518 4255 propter
540 4182 720 4253 pertinaciam
748 4184 778 4234 in
800 4181 873 4234 malo
899 4185 992 4239 aDco
1017 4185 1134 4255 praecisi
1163 4184 1228 4251 rint,
