2934 4700
463 340 751 411 utsroarlutur
779 348 835 411 tu.
862 354 896 418 s.
1169 320 1225 409 33

138 496 196 582 τῆς
215 497 405 580 θαυμαστῆς
424 497 545 583 ἐκείνης
565 500 675 585 φιλίας
695 503 852 582 βασιλέως
873 504 931 587 τῆς
950 497 1031 587 apic
1051 503 1107 589 σὲ,
1128 494 1153 591 ᾗ
1172 503 1297 580 διάη..
1308 488 1370 591 ,341

135 594 172 662 τὸ
253 600 327 671 ιθος
347 590 422 661 aiat
442 597 602 663 πιστεύειν
628 593 716 682 εἶχον
737 600 766 664 oi
796 604 911 666 πολλοί
918 629 929 683 ς
955 601 1025 666 ἀλλ’
1044 602 1101 665 ουίι
1122 602 1229 686 οἴομαι

138 692 352 780 δυνήσεσθαι,
380 691 415 758 εἴ
437 718 473 779 γε
499 699 556 761 καί
581 694 723 780 μάλιστα
744 699 885 803 ἑβορῖλου.
927 697 1016 782 οἶμαι
1045 700 1108 786 γάρ
1130 701 1163 769 εἴ
1182 729 1230 780 τις

136 790 198 878 την
230 795 267 857 ἒν
299 787 479 881 άνθριάποις
508 791 637 862 ἅπασαν
665 799 776 883 φιλίοιν
804 798 991 883 συλλαβών,
1021 797 1130 867 ἔπειτα
1150 803 1231 887 πρὸς

120 890 346 977 ὅπαράδειμμά
374 917 406 958 τι
433 895 581 979 θελήσειε
610 905 754 977 σκοπεῖν,
786 901 820 976 ἒξ
848 889 886 962 οὗ
904 910 969 973 τοῖς
991 890 1098 975 ἄλλοις
1119 926 1153 965 τε
1174 897 1232 965 κά-

138 990 233 1080 ιιείνηι
253 988 312 1076 τὴν
338 985 439 1078 αάτῆς
463 991 559 1077 ἰαχάν
586 996 710 1071 ἐξέσται
739 999 901 1081 κατιδεῖν,
932 996 1015 1079 ὑμᾶς
1048 993 1087 1063 άν
1113 999 1258 1082 μόνουςῦ

137 1089 388 1177 παραδραμών,
419 1091 464 1167 (ὅς
497 1096 553 1158 κατ’
575 1092 649 1171 τούς
680 1091 774 1181 ὅρους
804 1094 918 1182 ταύτης
951 1095 1169 1182 ὑπερβάντας,
1197 1103 1233 1165 ἐκ

139 1194 205 1255 τῶν
224 1192 398 1257 ἐπιλοίπων
417 1193 628 1277 ἐξευρίσκειν,
650 1188 712 1275 ὅ,τι
739 1189 778 1259 civ
799 1192 868 1280 εἴη,
887 1201 1063 1282 πειρᾶσθαι
1083 1201 1206 1283 πρῶτον
1222 1222 1230 1240 ·

138 1292 291 1356 τοσοῦτον
317 1289 357 1354 od
377 1288 455 1367 τούς
475 1290 590 1377 φίλους
608 1293 724 1375 μόνον,
759 1293 839 1360 ἄλλά
862 1296 919 1360 καί
936 1297 1025 1361 ἰδέαν
1047 1295 1148 1381 acircio
1175 1300 1233 1380 τῆς

103 1390 255 1476 ιοφιλίας
276 1386 395 1456 ἔθεσθε
413 1390 553 1456 κατόπιν.
595 1394 651 1457 καί
677 1398 772 1458 τοῦτο
791 1394 849 1457 oria
867 1397 902 1458 ἑκ
930 1400 993 1461 τῶν
1013 1399 1235 1480 πραττομένων

142 1486 243 1572 μόνον
261 1483 301 1575 ἦν
325 1489 429 1578 ὄρρῖν,
450 1494 507 1555 καί
524 1494 680 1574 βασιλέως
703 1495 738 1557 δὲ
758 1489 797 1577 ἦν
819 1491 948 1559 α’κοάειν
966 1493 1066 1559 πολλά
1087 1494 1236 1571 πολλάκις

144 1591 382 1675 φθεγγομένου,
404 1585 448 1667 ὥς
468 1593 524 1654 καί
543 1589 700 1678 φιλτάτων
720 1595 777 1659 καί
791 1593 938 1677 γυναικὸς
957 1597 1013 1658 καί
1032 1592 1236 1675 συμπάντων,

144 1683 189 1762 ὥς
207 1690 323 1771 εἰπεῖν,
341 1684 517 1774 χρημάτων
536 1688 594 1777 την
619 1694 666 1767 είς
696 1694 733 1756 σὲ
754 1697 866 1780 φιλιάν
886 1702 1062 1780 προηγοῑτο.
1104 1689 1238 1774 πότερον

143 1778 202 1853 οὖν
235 1786 281 1862 ὥς
307 1790 367 1871 μὲν
398 1790 582 1876 ἐπιλέλησαι
608 1794 667 1877 τῆς
685 1796 843 1874 βασιλέως
864 1794 989 1880 φιλίοις,
1012 1788 1086 1858 aridi
1103 1796 1148 1882 aqi
1166 1794 1238 1857 λίαν

106 1887 370 1978 ιδυυαοφαντιιιηῖ
388 1888 467 1965 τούς
486 1887 623 1976 τρόπους
643 1894 743 1956 εἰπεῖν
765 1895 902 1971 ἐξέσται·
924 1888 972 1958 ὅτι
993 1893 1029 1956 δὲ
1040 1894 1237 1977 μεμνημένος

141 1988 339 2071 άμνωμονεϊς
368 1991 426 2053 καί
448 1996 514 2065 τοῖς
541 1992 699 2073 βασιλέως
725 1995 837 2057 παισίν
862 1994 1007 2070 ἐναντίας
1033 1985 1056 2081 ᾗ
1084 1995 1238 2075 προσῆκεν

141 2086 304 2163 ἀποδίδως
337 2086 475 2172 ἀμοιβάς
505 2088 588 2171 μετά
618 2088 682 2175 ,τὴν
713 2093 833 2156 ἐκείνου
861 2087 1033 2176 calavario,
1067 2087 1137 2155 ἀλλ’
1159 2083 1233 2152 οὔτε

140 2190 241 2251 sorita
261 2185 331 2270 οόν,
362 2182 468 2276 ὥσπερ
491 2188 568 2253 οὐδὲ
596 2188 632 2253 τὸ
663 2192 797 2273 πρῶτον.
839 2192 877 2253 οδ
903 2184 968 2274 μὴν
987 2191 1054 2253 ἀλλ’
1077 2190 1151 2252 ου’δὲ
1171 2191 1334 2284 aarum

144 2283 229 2370 πρὸς
249 2286 309 2368 ἐμέ
328 2309 387 2353 σου
406 2284 519 2372 λόγων,
542 2282 598 2364 τίς
617 2282 777 2373 ἑκάστοτε,
789 2286 846 2352 καί
862 2293 1021 2370 βασιλέως
1043 2291 1168 2370 ζῶντος,
1189 2289 1264 2360 ‹is-1)

105 2388 262 2470 αοεξίεις,
285 2376 361 2464 άξια
379 2379 614 2471 τάδεδογμίνα
627 2392 694 2454 νῦν.
715 2389 757 2452 osi
774 2386 836 2474 γάρ
854 2388 954 2473 δήπου
975 2411 1011 2472 γε
1034 2389 1238 2470 ἐπιλέλησαι,

145 2484 192 2562 ὥς
223 2485 360 2566 πολλοὺς
389 2487 514 2571 aydam
543 2491 599 2554 καί
621 2489 787 2566 ιιινδάνους
807 2491 864 2553 καί
887 2488 1043 2566 θάνατον,
1075 2488 1106 2551 εἰ
1122 2478 1188 2551 οἷόν
1207 2508 1243 2549 τε

145 2587 266 2670 εἰπεῖν,
286 2585 367 2675 δπὲρ
388 2590 447 2673 τῆς
466 2583 544 2673 ἐμῆς
565 2589 724 2676 ω’φελείας
743 2588 798 2654 κατ’
810 2591 875 2656 τῶν
894 2589 1019 2653 παίδων
1041 2580 1242 2667 ἑτοιμότατος

221 2762 250 2813 9.
267 2745 315 2808 τῆς
335 2760 387 2797 om.
404 2746 431 2799 Ρ.
506 2741 597 2813 sanir
617 2757 682 2801 ante
702 2746 846 2820 δρςῖνοπι.
865 2748 892 2801 Ρ.
982 2743 1083 2801 δλουι.
1102 2746 1128 2798 Ρ.

149 2886 310 2951 amicitiae,
326 2902 398 2958 quae
418 2888 578 2959 imperatori
596 2896 686 2940 tecum
705 2890 778 2952 fuit,
797 2905 879 2961 quam
893 2896 1006 2958 propter
1023 2888 1242 2958 magnitudinem

149 2955 265 3010 credere
290 2960 448 3028 imperitum
475 2958 571 3027 vulqus
589 2977 644 3012 non
665 2959 794 3029 poterat?
820 2962 905 3029 Atqui
928 2958 980 3010 boe
997 2968 1026 3011 te
1044 2962 1159 3029 nequire
1178 2960 1245 3026 opi-

148 3045 221 3091 nor,
250 3029 356 3080 etiamsi
385 3029 462 3081 vetis.
508 3030 554 3080 Sic
574 3031 648 3079 euim
666 3038 772 3089 statuo,
793 3028 933 3100 quidquid
951 3035 994 3081 cst
1016 3031 1046 3080 in
1064 3045 1163 3097 genere
1190 3030 1243 3080 bu·

148 3114 234 3149 mano
258 3100 462 3161 coniunctionis
487 3106 517 3151 el
544 3100 764 3160 familiaritatis,
791 3102 815 3152 si
841 3101 904 3170 quis
931 3100 961 3150 in
985 3116 1071 3150 unum
1092 3100 1243 3166 colligeret,

149 3169 255 3221 deinde
282 3169 316 3221 ad
340 3171 496 3237 exemplum
524 3169 638 3241 aliquod
662 3172 797 3240 respicere
823 3171 925 3232 vellet,
952 3187 985 3221 ex
1010 3187 1065 3240 quo
1084 3178 1112 3222 et
1130 3169 1194 3221 aliis
1215 3178 1244 3222 el

149 3239 204 3291 sibi
225 3241 281 3290 vim
300 3239 359 3292 eius
376 3240 475 3293 liceret
492 3241 656 3311 perspicere,
675 3241 753 3293 vobis
771 3241 836 3293 solis
856 3240 1010 3310 praeteritis
1034 3239 1077 3309 (ut
1094 3241 1142 3309 qui
1160 3241 1243 3292 etiam

149 3312 286 3361 terminos
305 3309 389 3362 huius
406 3311 626 3377 transcenditur)
654 3311 727 3365 inter
754 3311 824 3363 alios
867 3313 940 3362 otius
959 3310 988 3361 id
1005 3309 1243 3380 investigandum:

149 3380 332 3450 usqueadeo
355 3396 413 3433 non
439 3382 540 3434 amicos
567 3381 755 3434 tantummodo
774 3329 931 3452 quosiibet,
951 3381 999 3433 sed
1023 3383 1110 3450 ipsam
1132 3395 1243 3451 quoque

150 3452 321 3504 insidentem
338 3451 369 3503 in
388 3452 486 3505 animis
503 3453 641 3505 amicitiae
659 3453 747 3504 ideam
766 3454 940 3523 speciemque
964 3452 1153 3521 exsuperastis.
1196 3457 1244 3502 st·

151 3539 208 3593 qne
227 3521 280 3572 boo
300 3536 356 3573 uon
377 3522 408 3574 in
426 3524 461 3575 iis
479 3524 657 3593 solum,quae
676 3521 813 3592 agebatis,
825 3531 885 3574 erat
910 3523 1064 3583 observare,
1082 3520 1130 3574 sed
1155 3522 1244 3588 impe-

151 3600 272 3643 ratorem
296 3602 438 3663 praeterea
465 3610 661 3662 saepenumero
687 3594 780 3646 multis
807 3594 899 3646 verbis
925 3593 1118 3644 testificantem
1137 3592 1245 3642 audivi·

151 3678 230 3718 mus.
250 3670 277 3712 te
299 3665 352 3716 sibi
371 3673 399 3717 et
407 3662 503 3717 liberis
512 3672 541 3715 et
562 3681 646 3716 uxore
666 3673 701 3727 et,
719 3674 749 3715 ut
766 3663 885 3717 breviter
902 3663 1000 3725 dicam,
1015 3661 1097 3713 rebus
1117 3661 1245 3713 omnibus

153 3736 288 3784 cariorem
307 3750 373 3787 esse.
410 3735 483 3786 Num
501 3735 639 3805 igiturne
657 3736 772 3805 insignis
790 3734 903 3806 quidem
924 3734 1102 3785 calumniator
1117 3742 1144 3784 te
1161 3732 1243 3783 buius

153 3804 294 3857 amicitiae
322 3805 456 3869 oblitum,
481 3822 626 3860 memorem
652 3814 744 3858 autem
778 3806 869 3859 nihilo
897 3805 987 3857 minus
1014 3802 1139 3873 improbe
1165 3819 1244 3870 agere

153 3874 309 3945 liberisque
328 3876 500 3946 imperatoria
519 3885 581 3948 post
599 3879 659 3930 eins
677 3875 784 3929 obitum
803 3878 871 3930 alias
890 3891 972 3946 qaam
998 3872 1120 3926 debuisti
1144 3878 1243 3943 gratias

153 3944 259 3996 referre
281 3945 371 3999 dicere
385 3946 508 4017 poterit?
529 3948 612 4018 litqni
630 3964 687 3999 non
705 3949 790 4019 magis
811 3950 863 4001 hoc
881 3955 959 3998 tuum
980 3950 1040 4008 est,
1058 3961 1139 4015 quam
1159 3947 1243 4013 prius.

154 4018 193 4066 ‚tr
210 4031 274 4068 vero
294 4032 346 4069 nec
362 4019 417 4069 tuis
437 4017 629 4080 sermonibus,
646 4034 716 4087 quos
736 4035 857 4087 semper,
877 4017 960 4069 etiam
976 4016 1039 4070 vivo
1068 4017 1243 4084 imperatore,

155 4100 262 4138 meeum
287 4085 417 4150 habebas,
449 4089 648 4141 consentientia
676 4098 751 4151 suns,
769 4106 840 4160 quae
870 4085 999 4141 statuisti.
1050 4084 1112 4136 Non
1139 4086 1246 4135 enime

158 4158 291 4208 memoria
309 4158 414 4210 excidit
431 4157 483 4210 tibi
504 4159 636 4230 proiecto,
648 4168 678 4212 ut
696 4160 783 4211 multa
802 4167 830 4212 te
848 4160 998 4213 certamina
1015 4156 1246 4226 uariosquecasus

161 4232 191 4275 et
217 4237 333 4280 mortem
358 4245 469 4300 quoquc
493 4229 597 4299 ipsam,
623 4230 646 4282 si
674 4229 729 4282 dici
756 4230 796 4280 las
830 4238 886 4293 est,
911 4244 962 4297 pro
985 4228 1053 4279 meis
1072 4225 1246 4294 liliorumque

161 4309 282 4350 meorum
314 4298 467 4353 rationibus
490 4298 658 4356 turbulentis
683 4297 853 4372 temporibus
871 4300 1075 4373 promptissime
1092 4293 1250 4349 subiturum

198 4398 404 4457 διαιαειινεπιιε
420 4402 456 4458 tt.
1032 4402 1050 4454 3
