2934 4700
244 296 330 386 338
645 319 923 389 csuracumro

97 484 159 542 bit
172 474 433 565 ιλέοταιιουζηνός
459 477 476 544 ὃ
496 473 646 561 βασιλευς
666 474 833 560 έπανῆξει,
861 470 1064 559 παραδώσειν
1084 468 1170 557 αδτφλ
1187 464 1247 552 τὴν
1266 464 1327 530 πά-

244 586 315 662 λιν,
331 571 477 660 νομίσας,
498 579 529 641 εί
546 572 651 663 τρόπῳ
673 575 712 657 δὴ
732 597 796 639 τινι
815 576 931 638 ἐκεῖνον
950 569 1166 656 διαφθείρειε,
1188 568 1326 649 βεβαίως

148 687 176 742 Ρ.
186 688 234 758 ⁵37
246 678 303 765 την
323 678 415 742 πάλιν
444 668 505 761 ἤδη
534 672 636 758 ἔχειν,
663 673 765 738 πάντα
786 674 889 737 κάλων
908 669 1002 737 ἐκίνει
1020 664 1150 734 κοολάειν
1169 664 1225 749 τὴν
1244 662 1326 729 sud-

241 780 332 846 νοδον
353 770 437 862 αὗτῷ
458 770 497 858 ἢ,
523 775 554 838 εἰ
572 773 717 853 dissero,
751 771 807 836 καί
835 773 1043 858 διαφθείρειν·
1073 766 1130 832 καί
1155 762 1324 849 πρεσβείας

242 875 322 964 πρὸς
335 876 468 960 Κράλην
483 878 614 955 πέμπων
633 870 754 954 συχνάς
775 872 829 935 καί
844 871 974 953 Ἓλένην
993 867 1049 953 την
1073 863 1216 951 α’δελφῆν
1229 860 1346 949 lipsi-5

243 983 282 1065 λη
310 975 535 1054 συνοικοῦσαν,
573 969 705 1058 παρῄνει
736 966 999 1053 Καντακουζηνδν
1030 964 1087 1031 τὸν
1136 966 1249 1029 ασιλέα
1275 961 1322 1045 μὴ

244 1078 385 1155 ἀνιέναι,
420 1070 502 1138 α’λλά
535 1068 689 1155 δήσαντας
724 1071 758 1134 έν
792 1068 995 1155 δεσμωτηρίιρ
1031 1072 1185 1153 φρουρεῖν
1215 1055 1237 1148 ἢ
1267 1063 1326 1125 καί

243 1174 447 1240 ἀποκτείνειν·
470 1166 554 1235 οὕτω
574 1168 635 1254 γάρ
658 1163 697 1233 άν
721 1170 844 1247 ἔξέσται
871 1166 928 1251 τήν
944 1164 1118 1248 Ῥωμαίων
1148 1162 1238 1246 ἔχειν
1264 1162 1326 1245 α’ρ·ι

240 1273 303 1361 χην
326 1274 466 1357 α’πονητί.
508 1265 641 1355 Κράλης
658 1270 718 1349 μὲν
746 1259 803 1332 οὖν
824 1264 921 1332 oritoni
939 1263 998 1340 τάς
1017 1262 1216 1350 παραινέσεις
1236 1258 1322 1347 φαά-

242 1380 300 1450 λας
321 1368 514 1458 ἡγούμενος,
536 1366 575 1432 ori
604 1369 814 1451 παρεδέξατο,
849 1362 988 1448 μάλιστα
1008 1365 1054 1438 εἰς
1077 1365 1170 1427 τοῦτο
1191 1358 1367 1443 beyno-ro

242 1495 300 1556 σης
325 1471 382 1534 καί
406 1471 463 1554 τῆς
490 1464 645 1551 γυναικός.
688 1468 805 1541 ἐκεῖνος
833 1466 869 1529 δέ
904 1461 959 1528 καί
992 1456 1144 1546 στρατιάν
1173 1460 1324 1539 πέμψας,

245 1567 322 1654 ὅσην
354 1562 428 1656 ᾤετο
465 1565 573 1651 dputes
608 1572 672 1641 τοῖς
703 1566 738 1628 έν
769 1560 986 1651 Διδυμοτειῇηιρ
1015 1562 1091 1646 πρὸς
1121 1556 1323 1644 πολιορκίοιν,

210 1673 383 1738 Βέκέλευσε
404 1665 575 1754 φυλάττειν
594 1665 1054 1750 παραστρατοπεδευσαμένους,
1075 1656 1234 1746 πρόφασιν
1252 1658 1323 1741 μέν,

242 1768 285 1844 ὥς
304 1768 516 1852 βοηθήσοντας
544 1762 600 1829 tut
618 1761 803 1846 ‘Purpurione
827 1760 900 1839 τούς
930 1762 1189 1846 πολιορκοῦντας,
1228 1759 1268 1845 τῇ
1293 1757 1326 1819 δ’

242 1861 392 1956 άληθείρ,
425 1865 464 1929 ἵν’
494 1858 589 1928 edroi
612 1867 731 1945 μᾶλλον
752 1862 972 1947 ἀκριβέστερον
1001 1867 1202 1944 πολιορκαϊεν.
1243 1852 1369 1941 ὅπεριὸ

243 1963 283 2052 tr}
303 1966 359 2030 καί
377 1961 457 2029 κατά
479 1961 536 2047 την
552 1964 669 2027 ἐκείνου
689 1959 814 2047 γνώμην
825 1961 969 2027 ἐτελεῖτο.
989 1963 1052 2025 ruis
1071 1957 1132 2043 γάρ
1151 1957 1324 2039 Ῥωμαίων

244 2063 366 2147 συχνάς
388 2066 446 2144 μέν
477 2061 674 2141 ποιουμένων
701 2058 758 2135 τάς
785 2057 1000 2145 καταδρομάς,
1031 2054 1167 2140 τάχιστα
1188 2058 1223 2122 δέ
1243 2050 1325 2120 α’να-

241 2158 446 2247 χωρούντων,
469 2154 578 2238 ἀδείας
593 2157 622 2223 oi
643 2161 676 2223 ἐν
691 2161 907 2246 Διδυμοτειβμρ
923 2154 1146 2241 τυγχάνοντες,
1163 2153 1220 2231 τάς
1240 2158 1322 2219 κατὰ

245 2255 372 2348 Θρᾴκην
392 2260 546 2343 ἐληΐζοντο
570 2257 675 2333 πόλεις
698 2256 753 2321 καί
770 2254 889 2341 νυίιτωρ
912 2255 967 2319 καί
977 2259 1050 2336 μεθ’
1073 2254 1193 2340 ἡμέραν
1213 2253 1269 2317 καί
1287 2256 1324 2319 ἐκ

242 2363 299 2445 τῆς
319 2357 463 2443 ἁρπαγῆς
483 2359 539 2422 καί
557 2360 722 2441 λεηλασίας
744 2358 905 2421 ἐποιοῦντο
926 2354 981 2431 τάς
998 2357 1056 2418 τοῦ
1075 2356 1147 2436 βίου
1161 2348 1366 2438 ἀφορμάς.οο

241 2460 306 2522 τῶν
336 2458 462 2521 Μυσῶν
489 2457 524 2520 δὲ
552 2450 747 2520 ἐπελθόντων
774 2452 830 2520 καί
857 2456 997 2536 συνεχῶς
1031 2455 1232 2534 ἐπικειμένων
1270 2454 1326 2537 ἐφ’

242 2552 378 2640 ἡμέραις
395 2552 571 2633 πλείσταις,
593 2554 637 2628 εἰς
657 2551 764 2618 στενὸν
783 2554 900 2640 κομιδῇ
919 2553 1064 2636 περιέστη
1088 2548 1126 2615 τά
1153 2551 1326 2636 πράγματα

245 2646 361 2734 αὐτοῖς,
383 2650 507 2715 πάντων
527 2644 587 2735 ἢδη
603 2649 845 2715 κινδυνευόντων
865 2649 927 2715 άπὸ
949 2653 1005 2715 rosi
1025 2657 1122 2731 tepori
1139 2651 1326 2735 διαφθαρῆ-

243 2774 309 2821 ναι.
349 2751 464 2816 Μυσοί
482 2748 543 2835 γάρ
570 2750 686 2832 ὁμοίως
704 2746 888 2833 Ῥωμαίους
908 2774 944 2817 τε
971 2747 1107 2815 ἐκώλυον
1125 2757 1190 2825 τοῖς
1208 2752 1244 2815 ἐν
1262 2753 1325 2815 Δι-

243 2933 323 2980 nem,
353 2924 385 2970 ut
416 2920 440 2972 ri
482 2918 684 2972 Cantacuzenus
726 2936 782 2973 non
811 2919 929 2982 rediret,
968 2921 992 2971 ei
1026 2919 1123 2972 civitas
1154 2918 1326 2983 traderetur,

244 2995 335 3052 ratus,
360 2988 383 3040 si
413 3007 467 3061 quo
493 2991 573 3044 modo
606 2992 684 3042 ilium
709 2989 743 3042 de
774 2990 864 3044 medio
889 2990 1067 3051 sustulisset,
1092 3005 1141 3059 pro
1165 2997 1239 3041 certo
1263 3005 1324 3041 earn

242 3058 422 3122 habiturum,
455 3059 526 3113 nihil
555 3061 678 3113 inausum
709 3060 841 3132 reliquit,
870 3078 925 3131 quo
952 3059 1116 3112 seditionem
1145 3062 1204 3111 eius
1235 3059 1326 3127 iuspe-

244 3126 330 3191 diret,
348 3130 511 3195 autetiam,
536 3130 559 3181 si
577 3141 668 3200 poset,
693 3132 773 3183 ilium
793 3132 978 3194 interimeret,
998 3130 1157 3200 crebrisque
1175 3130 1326 3197 legationi·

242 3196 295 3252 bus
314 3198 419 3253 Cralern
439 3208 466 3252 et
481 3202 622 3266 Helenam,
643 3217 761 3255 sororem
779 3216 865 3263 suam,
884 3200 960 3252 iilius
980 3201 1131 3270 coniugem,
1148 3200 1326 3263 sotlieitabat,

243 3284 279 3320 ne
305 3269 522 3322 Cautaeuzenum
547 3272 734 3333 dimitterent,
758 3271 806 3323 sed
830 3272 949 3323 vinctum
973 3270 1128 3321 incarcere
1155 3271 1327 3322 custodirent

245 3339 289 3390 vel
307 3341 399 3406 potius
418 3340 589 3394 occiderent:
616 3341 655 3394 sic
675 3344 748 3393 euim
767 3357 845 3410 posse
864 3357 909 3393 eos
928 3341 1070 3409 imperium
1091 3343 1236 3393 Romanurn
1254 3341 1324 3392 eitra

244 3406 367 3460 laborem
383 3409 507 3479 adipisci.
544 3410 635 3463 (irater
654 3412 855 3464 cohortationes
880 3410 939 3461 eius
960 3418 989 3461 ut
1007 3411 1141 3473 nefarias,
1168 3425 1252 3463 uxore
1271 3426 1325 3479 po·

244 3478 378 3528 tissimum
396 3479 535 3531 adnitente
559 3488 588 3531 et
612 3485 640 3532 in
666 3500 698 3535 eo
720 3484 796 3534 fratri
818 3481 990 3543 adversante,
1016 3481 1177 3550 repudiavit.
1211 3481 1324 3533 Moesus

165 3580 171 3589 ,
245 3546 347 3616 copiis,
382 3558 496 3620 quantas
518 3550 585 3601 urbi
611 3550 779 3604 obsidendae
803 3551 920 3622 putabat
944 3550 1081 3615 sufficere,
1105 3551 1209 3611 missis,
1235 3566 1323 3622 prope

244 3632 335 3668 muros
354 3621 446 3672 castris
465 3620 561 3689 positis
580 3637 684 3673 servare
702 3622 800 3684 iussit,
823 3620 937 3692 perinde
954 3622 1032 3692 quasi
1048 3640 1097 3692 pro
1116 3621 1233 3673 obsessis
1252 3638 1325 3674 eon-

244 3693 288 3740 tra
301 3685 433 3740 Romanos
451 3699 681 3760 propugnaturos:
703 3693 816 3761 reipsa,
837 3700 868 3744 ut
883 3692 1013 3761 oppidum
1031 3694 1142 3762 ipsimet
1154 3693 1325 3746 commodius

245 3753 404 3809 obsiderent
426 3769 454 3811 et
481 3769 677 3830 oppugnarent.
713 3763 833 3814 Factum.
869 3762 937 3813 Nam
958 3763 1085 3814 Romanis
1110 3778 1192 3833 saepe
1209 3762 1324 3832 quidem

244 3825 465 3892 incursantibus,
489 3829 537 3883 sed
556 3831 654 3884 festine
677 3833 882 3895 recedentibus,
910 3832 1162 3900 Didymoticbenses
1183 3832 1325 3884 licentium

243 3897 333 3959 nacti,
356 3898 487 3951 Thraciae
503 3900 582 3953 urbes
603 3911 685 3954 noeto
706 3901 808 3973 diuque
827 3902 1040 3971 depopulantes,
1056 3902 1121 3956 iude
1149 3903 1249 3953 rictum
1267 3901 1325 3955 sibi

244 3966 444 4089 puaeritabaut
492 3970 592 4023 Moesis
618 3981 709 4022 autem
734 3981 829 4041 postea
856 3972 1049 4025 invadentibus
1079 3971 1244 4043 assiduoque
1272 3988 1325 4043 per

265 4039 304 4088 ies
322 4038 452 4105 plurimos
473 4040 709 4105 incumbentibus,
738 4059 779 4094 res
803 4057 895 4093 eorum
922 4042 1097 4096 vehementer
1123 4047 1151 4096 in
1177 4053 1324 4111 angustum

244 4105 370 4158 redactae
388 4115 467 4170 sunt,
496 4111 623 4163 omuibus
650 4114 701 4163 ianr
721 4112 757 4162 ob
778 4113 873 4163 samem
892 4113 926 4165 de
951 4115 1006 4166 rita
1024 4114 1259 4182 periclitantibusr
1282 4116 1324 4165 si-

244 4175 356 4245 quidem
374 4179 458 4232 Moesi
480 4197 614 4251 peraeque
632 4191 661 4234 et
678 4186 812 4235 Romanos
832 4182 926 4234 urbem
947 4184 1048 4237 adoriri
1067 4191 1096 4234 et
1116 4183 1234 4235 urbanos
1253 4182 1323 4235 urbe

246 4247 320 4302 exire
343 4247 535 4320 prohibebant
572 4248 696 4324 Quodsi
714 4253 815 4326 quide
840 4270 915 4309 more
940 4254 976 4307 ad
996 4253 1182 4326 praedandum
1208 4253 1324 4324 egrede-
