2934 4700
451 299 735 368 ιιιειοιιιιιιοοι
764 304 819 367 ιιι.
843 304 896 373 aa.
1135 272 1222 390 509‘

138 447 323 539 άνατρέπειν
342 452 616 542 relinquebam
634 453 746 539 ἔγνως,
779 460 836 523 καί
858 458 923 522 τάν
947 455 1050 545 φόνων
1077 460 1134 524 κατ’
1157 459 1287 526 reduc.
1300 469 1365 543 1345

139 549 401 638 άνδραποδισμιόν
429 557 543 621 ου’δένα
573 560 649 643 ποιῇ
678 558 793 640 λόγον,
831 552 932 633 οὕτως
960 558 1221 641 έκπεπολέμωμαε

140 655 197 717 καί
215 650 313 727 ου’τάς
346 656 402 718 καί
418 651 495 737 πρός
525 657 675 721 τοσοῦτον
701 652 797 739 ἔχθος
817 656 987 743 έξηγόμην,
1015 651 1094 722 ὅσθ’
1115 658 1222 742 ’ἡδέως

144 744 185 816 άν
210 749 302 829 εἴτις
321 753 532 840 ἀποσφάττειν
557 747 722 840 ἧδυνήθη,
756 751 815 840 την
841 761 936 841 χεῖρα
954 757 1144 843 κατεφιλουν
1169 761 1226 824 κατ’

120 856 273 921 5πολλεόν
294 857 422 938 σωτῆρα
448 856 505 918 καό
532 855 696 940 εὐεργέτην
725 848 767 920 άν
795 853 961 938 ἐνόμιζον,
988 857 1028 919 ου’
1045 852 1140 937 μόνον
1162 856 1217 922 διά

137 949 197 1036 την
216 951 421 1047 γεγενημένην
438 950 501 1017 dmi
514 954 571 1018 rori
582 957 720 1036 πολέμου
737 950 864 1041 φθοράν
883 955 919 1019 έν
947 953 1083 1045 τοσοάτιρ
1113 955 1218 1047 χρόνιρ

137 1050 195 1117 καί
220 1050 278 1134 τὴν
293 1050 433 1136 μεγάλην
455 1055 666 1137 κακοπραγιόιν
684 1056 748 1118 τεόν
772 1052 951 1137 Ῥωμαίων,
971 1044 1011 1138 ἧς
1033 1052 1223 1122 αἰτιώτατον

138 1147 222 1217 εἶναι
239 1149 480 1235 ὑπελάμβανον,
510 1147 579 1218 ἄλλ’
592 1147 642 1217 ότι
671 1154 727 1217 καί
753 1149 851 1228 edric
877 1154 913 1218 έν
929 1155 1075 1236 Σοβωΐας
1094 1148 1139 1220 όν
1157 1160 1242 1240 'ricc

138 1249 288 1338 πατρῴας
313 1249 414 1335 άρχῆς
442 1255 483 1339 τῇ
512 1250 671 1334 βασιλίδι,
704 1253 836 1338 φιλτρον
860 1276 892 1316 τι
916 1252 1024 1339 τρέφω
1044 1252 1125 1339 πρός
1145 1253 1221 1332 τοός

102 1353 260 1432 ιοέιιεένης
283 1352 400 1426 παῖδας
429 1350 483 1415 διά
503 1349 560 1435 την
587 1353 622 1416 ex
642 1352 701 1415 τοῦ
720 1351 831 1433 γένους
848 1353 1033 1436 κοινωνίαν,
1060 1351 1117 1418 καὶ
1141 1352 1221 1442 πρός

137 1449 196 1534 τὴν
217 1452 430 1535 κακοπραγιαν
447 1447 503 1515 κατ’
525 1448 623 1525 αάτός
642 1446 858 1534 συνάχθομαι.
890 1452 993 1518 καίτοι
1012 1473 1048 1536 γε
1069 1450 1108 1516 ori
1131 1460 1218 1539 παρά

137 1552 202 1615 τιόν
231 1553 334 1636 orior
354 1547 469 1631 μόνον,
497 1545 579 1614 άλλά
601 1546 657 1614 καὶ
674 1550 739 1615 τάν
757 1549 897 1631 μάλιστά
922 1573 973 1615 σοι
1002 1546 1223 1633 πολεμούντων

139 1648 274 1725 πολλοάς
304 1648 360 1713 κατ’
390 1650 592 1728 θαυμασίους
622 1648 771 1723 έπαένοος
798 1640 912 1730 ἤκουον
942 1638 1126 1729 διεξιόντων.
1168 1650 1225 1716 καί
1329 1640 1333 1649 ’

138 1746 196 1831 τήν
217 1773 252 1812 τε
282 1747 379 1833 φάσιν
408 1743 451 1823 σός
478 1746 667 1828 θαυμασίαν
705 1747 761 1812 καί
786 1747 844 1833 τὴν
873 1741 1006 1833 άσκησιν
1032 1750 1223 1834 έξαιρόντων

100 1845 194 1929 ιὸτὴν
213 1842 293 1929 πρός
311 1845 350 1911 τά
373 1844 476 1928 καλά,
497 1846 542 1921 oie
562 1850 666 1933 πολλῷ
686 1849 730 1934 τῷ
749 1850 835 1938 μέσῳ
855 1847 930 1924 τούς
949 1840 1065 1924 ἄλλους
1084 1849 1222 1934 άπερβέ-

136 1950 234 2029 βληκε
251 1937 515 2026 Ῥωμαιοις,·οἷς
536 1946 593 2009 οδκ
614 1942 761 2026 ἐνόμιζον
779 1951 945 2031 προσέχειν
964 1950 1049 2028 δεῖν,
1077 1958 1145 2027 τοῖς
1162 1953 1223 2031 μὲν

138 2045 194 2110 διά
220 2047 363 2132 φιλίαν,
393 2053 460 2119 τοῖς
489 2046 525 2110 δέ
557 2046 600 2110 δι’
629 2042 753 2131 ἔχθραν
785 2044 977 2131 άμφοτέροις
1004 2049 1223 2128 ψευδομένοις.

136 2139 206 2209 ἔστι
237 2142 297 2230 γάρ
332 2141 386 2210 dra
411 2145 468 2208 καί
497 2137 591 2209 edroi
623 2141 654 2208 oi
683 2145 893 2225 πολεμοῦντες
922 2135 1056 2223 αάξοοσι
1083 2154 1150 2222 τοῖς
1168 2148 1320 2231 &Nem

136 2247 269 2326 κωμόοις
303 2242 377 2319 τούς
404 2240 562 2330 έχθροός,
589 2239 672 2328 ἵν’νῖ
700 2241 886 2327 ἡττηθέντες
915 2241 980 2307 όπό
1009 2242 1172 2328 μεγάλων,
1203 2233 1225 2333 η’

97 2342 329 2430 οονικὴσαντες,
349 2345 481 2428 μέγιστα
502 2339 616 2423 δόξωσι
636 2345 892 2430 κατωρθωκέναι.
932 2340 1005 2410 νυνὶ
1022 2346 1059 2410 δέ
1078 2369 1134 2427 μοι
1151 2348 1222 2412 roo’·

136 2450 262 2510 ναντίον
281 2440 366 2508 door
387 2446 546 2529 περιέστη.
584 2451 650 2522 τοῖς
680 2467 716 2507 τε
737 2443 800 2529 γάρ
821 2440 1071 2527 ἐγκωμιάζουσιν
1090 2448 1250 2524 iscarioten

136 2548 195 2608 οδκ
217 2545 311 2626 όλόγα
329 2546 520 2629 μέμφομαι,
541 2542 586 2620 ὥς
613 2541 650 2609 τό
680 2544 760 2609 notri
793 2541 1031 2628 συγκράπτοοσι
1056 2546 1120 2611 τάν
1144 2545 1224 2629 ἄγα-

134 2645 223 2722 θιόν,
261 2646 316 2709 καί
349 2644 476 2730 ἐμαυτῷ
504 2646 561 2728 τῆς
594 2644 755 2729 α’κρισιάς.
796 2638 851 2706 aar*
877 2640 915 2726 δὴ
939 2641 1126 2727 μεταβαλών
1153 2639 1227 2711 rimi

136 2743 264 2830 έχθροό
283 2745 338 2809 καλ
368 2740 543 2829 κατηγόρου
573 2746 687 2808 τόντε
707 2736 845 2824 μάλιστα
857 2741 1023 2829 γεγένημαι
1037 2746 1224 2831 φιλεόντων,

138 2952 199 2999 tere
215 2959 249 2996 ae
267 2940 424 3011 disperdere
441 2942 613 2996 constitueris
635 2948 664 2995 et
678 2941 774 2994 caeder
794 2940 993 3013 aervitoterqne
1011 2943 1093 2995 nihili
1104 2942 1224 3012 pendor:
1256 2973 1260 2980 ·

136 3015 181 3069 hia
202 3013 332 3066 omnibus
351 3014 484 3083 cognitis,
506 3021 561 3064 tam
581 3013 675 3067 hostili
695 3013 760 3064 odio
776 3015 820 3064 tui
842 3014 969 3070 ineenaua
1009 3031 1084 3076 anm,
1104 3022 1135 3066 ut
1153 3015 1225 3066 mul-

136 3094 230 3140 torum
258 3093 419 3137 aerratorem
452 3099 484 3146 ae
513 3081 546 3136 do
571 3099 601 3138 re
625 3081 739 3150 publiea
765 3082 837 3135 bene
866 3085 993 3134 meritum
1022 3084 1225 3136 existimaturur

139 3156 288 3226 eidemque
307 3172 416 3207 manum
435 3152 603 3206 osculatura·
618 3153 727 3214 luerim,
745 3153 793 3223 qni
815 3160 843 3205 te
861 3152 984 3221 iugulare
1002 3155 1151 3222 potuisset:
1169 3169 1227 3205 non

138 3228 228 3280 rolum
257 3233 369 3295 propter
394 3225 499 3278 cladem
523 3239 555 3276 ae
571 3230 675 3293 pestem
694 3230 772 3273 tanto
792 3222 859 3274 belli
879 3232 1000 3291 tempore
1027 3222 1153 3275 Romania
1173 3224 1226 3273 im-

139 3306 297 3366 portarem,
324 3296 402 3349 cuiue
425 3304 453 3347 te
478 3294 670 3365 primigeniam
700 3308 807 3344 eausam
833 3292 998 3354 credebant,
1026 3293 1074 3346 ael
1099 3293 1174 3364 quod
1199 3302 1228 3349 et

141 3369 218 3437 ipre,
243 3383 305 3420 eum
323 3365 466 3417 Sabandua
491 3365 559 3426 aim,
576 3380 592 3416 e
610 3372 724 3433 paterno
743 3364 847 3416 acilioet
863 3364 1018 3433 principatu
1036 3364 1229 3433 imperanda,
1266 3385 1270 3394 ·

142 3436 180 3489 ob
207 3437 426 3489 communionem
459 3434 581 3505 generis,
611 3437 696 3502 ipram
722 3441 754 3492 et
774 3434 833 3486 eina
858 3434 961 3485 liberos
988 3449 1049 3487 amo
1080 3449 1228 3505 eorumque

141 3507 303 3558 infortuniis
320 3507 448 3559 rimiliter
465 3505 555 3558 doleo.
591 3506 710 3558 Tametsi
731 3519 787 3555 non
804 3503 838 3556 ab
860 3503 954 3555 amicir
972 3504 1026 3555 luia
1046 3513 1162 3570 tantum,
1181 3502 1231 3557 aed

143 3583 172 3629 et
191 3576 374 3635 intertiaaimia
391 3575 518 3629 hortibus
544 3575 642 3628 multae
672 3575 842 3646 eximiaeque
859 3572 955 3627 laudea
973 3582 1034 3626 tuaa
1054 3576 1156 3638 audivi,
1170 3591 1231 3627 enm

142 3655 173 3700 et
191 3652 302 3697 naturae
323 3647 513 3714 praestantiam
532 3655 560 3697 et
576 3643 752 3698 honeatarum
771 3661 860 3698 rerum
879 3643 1112 3708 exercitationem,
1130 3646 1231 3716 quibua

141 3716 273 3771 Romanis
293 3718 424 3769 universio
441 3716 523 3786 longo
542 3717 685 3769 intervallo
702 3715 838 3781 anteirer,
856 3717 886 3767 in
905 3722 934 3768 te
951 3716 1124 3775 extollerent.
1160 3715 1232 3785 Qui-

143 3790 198 3843 bua
227 3785 317 3838 nihilo
342 3788 432 3839 minna
460 3787 525 3842 ideo
547 3799 604 3837 non
622 3803 681 3838 anm
698 3802 843 3847 mensur,
861 3785 936 3856 quod
954 3794 1104 3856 umorque,
1123 3795 1152 3839 et
1168 3787 1231 3838 illor

145 3875 179 3911 ex
207 3872 301 3909 amore
326 3863 356 3908 et
374 3854 439 3908 iatoa
466 3872 501 3909 ex
524 3856 589 3909 odio
607 3857 718 3909 mentiri
738 3856 931 3912 exiatimarem.
965 3856 1013 3910 Eat
1030 3856 1102 3907 enim
1120 3856 1232 3926 quando

97 3955 100 3962 ²
146 3936 175 3982 et
200 3926 295 3980 hortea
317 3924 443 3979 hortibua
470 3928 578 3980 illuatre
601 3924 778 3995 praeconium
806 3925 984 3993 impertiunt,
1010 3932 1042 3976 ut
1064 3932 1114 3976 aut
1136 3926 1231 3977 victia

25 4027 30 4042 ·
145 4000 270 4064 magula,
294 4005 342 4049 aut
369 3994 484 4049 vietorea
503 4013 661 4065 magnorum
681 3995 756 4047 beati
774 4010 805 4047 ae
830 3995 926 4047 ielicer
954 3995 1118 4053 habeantur.
1153 3994 1232 4047 Nunc

146 4067 217 4119 mihi
242 4084 353 4135 proraua
380 4076 475 4119 contra
500 4066 628 4135 contigit:
653 4074 763 4124 namet
781 4065 837 4118 illia
856 4065 1033 4118 laudantibus
1052 4083 1107 4118 non
1124 4063 1231 4117 medio·

147 4138 231 4189 ariter
261 4153 424 4201 auccenaeo,
450 4143 503 4188 tam
528 4139 615 4189 multa
640 4151 712 4207 quae
736 4137 766 4187 ln
789 4144 817 4189 te
841 4145 906 4189 runt
923 4134 994 4190 bona
1013 4133 1185 4189 tacentibus:
1203 4142 1233 4187 et

146 4205 219 4260 mihi
244 4208 412 4279 imperitiam
437 4207 677 4280 temeritatemque
704 4206 801 4262 iudicii
828 4201 971 4279 exprobro.
1007 4207 1043 4261 Et
1059 4206 1114 4258 iam
1131 4221 1233 4258 rmmu·
