<?xml version="1.0" encoding="UTF-8"?>
<!DOCTYPE html PUBLIC "-//W3C//DTD XHTML 1.0 Transitional//EN"
    "http://www.w3.org/TR/xhtml1/DTD/xhtml1-transitional.dtd">
<html xmlns="http://www.w3.org/1999/xhtml" xml:lang="en" lang="en">
 <head>
  <title>
</title>
<meta http-equiv="Content-Type" content="text/html;charset=utf-8" />
  <meta name='ocr-system' content='tesseract 3.04.00' />
  <meta name='ocr-capabilities' content='ocr_page ocr_carea ocr_par ocr_line ocrx_word'/>
</head>
<body>
  <div class='ocr_page' id='page_1' title='image "./ioanniscantacuz02joangoog_0369.png"; bbox 0 0 2934 4700; ppageno 0'>
   <div class='ocr_carea' id='block_1_1' title="bbox 457 279 1297 424">
    <p class='ocr_par' dir='ltr' id='par_1_1' title="bbox 457 279 1297 424">
     <span class='ocr_line' id='line_1_1' title="bbox 457 279 1297 424; baseline -0.005 -27"><span class='ocrx_word' id='word_1_1' title='bbox 457 307 742 417; x_wconf 75' lang='lat' dir='ltr'><strong>ursroaraauru</strong></span> <span class='ocrx_word' id='word_1_2' title='bbox 772 333 826 396; x_wconf 92' lang='grc' dir='ltr'><strong>ιιι.</strong></span> <span class='ocrx_word' id='word_1_3' title='bbox 849 334 900 403; x_wconf 81' lang='lat' dir='ltr'><strong>oo.</strong></span> <span class='ocrx_word' id='word_1_4' title='bbox 1134 279 1217 424; x_wconf 75' lang='grc' dir='ltr'><strong>33η</strong></span> <span class='ocrx_word' id='word_1_5' title='bbox 1292 283 1297 294; x_wconf 66' lang='grc'><em>’</em></span> 
     </span>
    </p>
   </div>
   <div class='ocr_carea' id='block_1_2' title="bbox 102 465 1367 2846">
    <p class='ocr_par' dir='ltr' id='par_1_2' title="bbox 102 465 1367 2846">
     <span class='ocr_line' id='line_1_2' title="bbox 138 465 1367 579; baseline 0.002 -32"><span class='ocrx_word' id='word_1_6' title='bbox 138 478 227 569; x_wconf 76' lang='grc' dir='ltr'><strong>ἥξειν</strong></span> <span class='ocrx_word' id='word_1_7' title='bbox 245 506 280 549; x_wconf 82' lang='grc' dir='ltr'><strong>τε</strong></span> <span class='ocrx_word' id='word_1_8' title='bbox 308 481 386 566; x_wconf 67' lang='lat' dir='ltr'><strong>peri</strong></span> <span class='ocrx_word' id='word_1_9' title='bbox 415 481 543 567; x_wconf 77' lang='grc' dir='ltr'><strong>μικρὸν,</strong></span> <span class='ocrx_word' id='word_1_10' title='bbox 570 485 626 547; x_wconf 83' lang='grc' dir='ltr'><strong>καί</strong></span> <span class='ocrx_word' id='word_1_11' title='bbox 650 486 705 565; x_wconf 80' lang='grc' dir='ltr'><strong>τῆς</strong></span> <span class='ocrx_word' id='word_1_12' title='bbox 733 484 779 560; x_wconf 80' lang='grc' dir='ltr'><strong>είς</strong></span> <span class='ocrx_word' id='word_1_13' title='bbox 808 480 905 547; x_wconf 74' lang='lat' dir='ltr'><strong>adeda</strong></span> <span class='ocrx_word' id='word_1_14' title='bbox 932 482 1057 561; x_wconf 70' lang='grc' dir='ltr'><strong>ειίνοίας</strong></span> <span class='ocrx_word' id='word_1_15' title='bbox 1083 489 1138 550; x_wconf 82' lang='grc' dir='ltr'><strong>καί</strong></span> <span class='ocrx_word' id='word_1_16' title='bbox 1163 465 1367 579; x_wconf 41' lang='lat' dir='ltr'><strong>vitandei,</strong></span> 
     </span>
     <span class='ocr_line' id='line_1_3' title="bbox 141 581 1221 666; baseline -0.002 -19"><span class='ocrx_word' id='word_1_17' title='bbox 141 585 272 666; x_wconf 78' lang='grc' dir='ltr'><strong>α’νδρίας</strong></span> <span class='ocrx_word' id='word_1_18' title='bbox 301 582 357 647; x_wconf 78' lang='grc' dir='ltr'><strong>καί</strong></span> <span class='ocrx_word' id='word_1_19' title='bbox 383 584 439 664; x_wconf 75' lang='grc' dir='ltr'><strong>τῆς</strong></span> <span class='ocrx_word' id='word_1_20' title='bbox 465 582 630 666; x_wconf 75' lang='grc' dir='ltr'><strong><em>καρτερίας</em></strong></span> <span class='ocrx_word' id='word_1_21' title='bbox 652 581 849 662; x_wconf 54' lang='lat' dir='ltr'><strong>decidendas</strong></span> <span class='ocrx_word' id='word_1_22' title='bbox 877 583 982 658; x_wconf 83' lang='grc' dir='ltr'><strong>α’ξίως.</strong></span> <span class='ocrx_word' id='word_1_23' title='bbox 1022 584 1077 647; x_wconf 84' lang='grc' dir='ltr'><strong>καί</strong></span> <span class='ocrx_word' id='word_1_24' title='bbox 1100 582 1221 660; x_wconf 75' lang='grc' dir='ltr'><strong>τούτοις</strong></span> 
     </span>
     <span class='ocr_line' id='line_1_4' title="bbox 139 675 1221 765; baseline -0.002 -17"><span class='ocrx_word' id='word_1_25' title='bbox 139 691 204 757; x_wconf 83' lang='grc' dir='ltr'><strong>τοῖς</strong></span> <span class='ocrx_word' id='word_1_26' title='bbox 224 680 327 764; x_wconf 72' lang='grc' dir='ltr'><strong>λόγοις</strong></span> <span class='ocrx_word' id='word_1_27' title='bbox 347 675 493 744; x_wconf 82' lang='grc' dir='ltr'><strong>ἆνεκτᾶτό</strong></span> <span class='ocrx_word' id='word_1_28' title='bbox 513 704 547 744; x_wconf 83' lang='grc' dir='ltr'><strong>τε</strong></span> <span class='ocrx_word' id='word_1_29' title='bbox 569 680 607 742; x_wconf 78' lang='grc' dir='ltr'><strong>οὔ</strong></span> <span class='ocrx_word' id='word_1_30' title='bbox 630 681 764 764; x_wconf 86' lang='grc' dir='ltr'><strong>μετρίως</strong></span> <span class='ocrx_word' id='word_1_31' title='bbox 786 684 841 744; x_wconf 85' lang='grc' dir='ltr'><strong>καί</strong></span> <span class='ocrx_word' id='word_1_32' title='bbox 865 677 1055 765; x_wconf 84' lang='grc' dir='ltr'><strong>χρηστότερα</strong></span> <span class='ocrx_word' id='word_1_33' title='bbox 1084 677 1221 759; x_wconf 77' lang='grc' dir='ltr'><strong>ἐλπίζειν</strong></span> 
     </span>
     <span class='ocr_line' id='line_1_5' title="bbox 140 777 1251 865; baseline 0 -19"><span class='ocrx_word' id='word_1_34' title='bbox 140 779 276 846; x_wconf 80' lang='grc' dir='ltr'><strong>ἔπειθεν.</strong></span> <span class='ocrx_word' id='word_1_35' title='bbox 318 777 417 845; x_wconf 75' lang='grc' dir='ltr'><strong>ἐδόκει</strong></span> <span class='ocrx_word' id='word_1_36' title='bbox 445 780 481 842; x_wconf 84' lang='grc' dir='ltr'><strong>δὲ</strong></span> <span class='ocrx_word' id='word_1_37' title='bbox 511 782 577 842; x_wconf 79' lang='grc' dir='ltr'><strong>δεῖν</strong></span> <span class='ocrx_word' id='word_1_38' title='bbox 598 783 686 865; x_wconf 79' lang='grc' dir='ltr'><strong>κοινῇ</strong></span> <span class='ocrx_word' id='word_1_39' title='bbox 705 783 961 860; x_wconf 77' lang='grc' dir='ltr'><strong>βουλευομένοις,</strong></span> <span class='ocrx_word' id='word_1_40' title='bbox 983 780 1038 843; x_wconf 82' lang='grc' dir='ltr'><strong>καί</strong></span> <span class='ocrx_word' id='word_1_41' title='bbox 1057 784 1251 865; x_wconf 84' lang='grc' dir='ltr'><strong>πρεσβείανο</strong></span> 
     </span>
     <span class='ocr_line' id='line_1_6' title="bbox 118 874 1223 964; baseline -0.003 -19"><span class='ocrx_word' id='word_1_42' title='bbox 118 879 220 964; x_wconf 79' lang='grc' dir='ltr'><strong>5πρός</strong></span> <span class='ocrx_word' id='word_1_43' title='bbox 239 877 454 961; x_wconf 72' lang='grc' dir='ltr'><strong>Ἀλέξανδρον</strong></span> <span class='ocrx_word' id='word_1_44' title='bbox 467 874 521 942; x_wconf 78' lang='grc' dir='ltr'><strong>τόν</strong></span> <span class='ocrx_word' id='word_1_45' title='bbox 544 882 675 959; x_wconf 76' lang='grc' dir='ltr'><strong>βασιλέα</strong></span> <span class='ocrx_word' id='word_1_46' title='bbox 701 881 829 941; x_wconf 76' lang='grc' dir='ltr'><strong>Μυσῶν</strong></span> <span class='ocrx_word' id='word_1_47' title='bbox 850 882 1008 942; x_wconf 77' lang='grc' dir='ltr'><strong>ποιεῖσθαι</strong></span> <span class='ocrx_word' id='word_1_48' title='bbox 1029 882 1085 942; x_wconf 80' lang='grc' dir='ltr'><strong>καί</strong></span> <span class='ocrx_word' id='word_1_49' title='bbox 1105 877 1223 964; x_wconf 71' lang='grc' dir='ltr'><strong>συνθη-</strong></span> 
     </span>
     <span class='ocr_line' id='line_1_7' title="bbox 140 973 1222 1060; baseline -0.002 -17"><span class='ocrx_word' id='word_1_50' title='bbox 140 1003 197 1053; x_wconf 85' lang='grc' dir='ltr'><strong>ιιας</strong></span> <span class='ocrx_word' id='word_1_51' title='bbox 216 982 365 1044; x_wconf 83' lang='grc' dir='ltr'><strong>τίθεσθαι</strong></span> <span class='ocrx_word' id='word_1_52' title='bbox 396 977 452 1041; x_wconf 81' lang='grc' dir='ltr'><strong>ε’πί</strong></span> <span class='ocrx_word' id='word_1_53' title='bbox 477 976 600 1051; x_wconf 80' lang='grc' dir='ltr'><strong>τούτοις</strong></span> <span class='ocrx_word' id='word_1_54' title='bbox 621 974 702 1060; x_wconf 81' lang='grc' dir='ltr'><strong>πρὸς</strong></span> <span class='ocrx_word' id='word_1_55' title='bbox 727 975 841 1057; x_wconf 83' lang='grc' dir='ltr'><strong>αότὸν,</strong></span> <span class='ocrx_word' id='word_1_56' title='bbox 873 973 954 1041; x_wconf 76' lang='grc' dir='ltr'><strong>ὥστε</strong></span> <span class='ocrx_word' id='word_1_57' title='bbox 975 978 1141 1060; x_wconf 84' lang='grc' dir='ltr'><strong>σύμμαχον</strong></span> <span class='ocrx_word' id='word_1_58' title='bbox 1161 978 1222 1043; x_wconf 83' lang='grc' dir='ltr'><strong>αό-</strong></span> 
     </span>
     <span class='ocr_line' id='line_1_8' title="bbox 141 1072 1225 1162; baseline 0 -20"><span class='ocrx_word' id='word_1_59' title='bbox 141 1086 205 1153; x_wconf 82' lang='grc' dir='ltr'><strong>τυῖς</strong></span> <span class='ocrx_word' id='word_1_60' title='bbox 235 1072 314 1140; x_wconf 77' lang='grc' dir='ltr'><strong>εἶναι</strong></span> <span class='ocrx_word' id='word_1_61' title='bbox 350 1080 404 1139; x_wconf 84' lang='grc' dir='ltr'><strong>καί</strong></span> <span class='ocrx_word' id='word_1_62' title='bbox 431 1079 522 1162; x_wconf 72' lang='lat' dir='ltr'><strong>prior</strong></span> <span class='ocrx_word' id='word_1_63' title='bbox 549 1077 605 1139; x_wconf 83' lang='grc' dir='ltr'><strong>καί</strong></span> <span class='ocrx_word' id='word_1_64' title='bbox 628 1080 758 1159; x_wconf 82' lang='grc' dir='ltr'><strong>βοηθεῖν</strong></span> <span class='ocrx_word' id='word_1_65' title='bbox 786 1077 841 1141; x_wconf 84' lang='grc' dir='ltr'><strong>ε’πί</strong></span> <span class='ocrx_word' id='word_1_66' title='bbox 866 1074 941 1152; x_wconf 84' lang='grc' dir='ltr'><strong>τοδς</strong></span> <span class='ocrx_word' id='word_1_67' title='bbox 972 1080 1138 1158; x_wconf 88' lang='grc' dir='ltr'><strong>πολεμίους</strong></span> <span class='ocrx_word' id='word_1_68' title='bbox 1169 1077 1225 1142; x_wconf 81' lang='grc' dir='ltr'><strong>καὶ</strong></span> 
     </span>
     <span class='ocr_line' id='line_1_9' title="bbox 140 1166 1223 1262; baseline 0.002 -23"><span class='ocrx_word' id='word_1_69' title='bbox 140 1174 274 1261; x_wconf 82' lang='grc' dir='ltr'><strong>μηδενὸς</strong></span> <span class='ocrx_word' id='word_1_70' title='bbox 295 1172 423 1256; x_wconf 73' lang='grc' dir='ltr'><strong>ἀμελεῖν</strong></span> <span class='ocrx_word' id='word_1_71' title='bbox 445 1166 490 1239; x_wconf 76' lang='grc' dir='ltr'><strong>ὧν</strong></span> <span class='ocrx_word' id='word_1_72' title='bbox 522 1170 669 1258; x_wconf 74' lang='grc' dir='ltr'><strong>προσηκει</strong></span> <span class='ocrx_word' id='word_1_73' title='bbox 698 1179 780 1262; x_wconf 83' lang='grc' dir='ltr'><strong>φιληι</strong></span> <span class='ocrx_word' id='word_1_74' title='bbox 812 1171 889 1260; x_wconf 83' lang='grc' dir='ltr'><strong>πρὸς</strong></span> <span class='ocrx_word' id='word_1_75' title='bbox 916 1174 1044 1251; x_wconf 73' lang='grc' dir='ltr'><strong>αὐτούς.</strong></span> <span class='ocrx_word' id='word_1_76' title='bbox 1077 1170 1136 1241; x_wconf 81' lang='grc' dir='ltr'><strong>κᾶν</strong></span> <span class='ocrx_word' id='word_1_77' title='bbox 1163 1179 1223 1259; x_wconf 81' lang='grc' dir='ltr'><strong>μὲν</strong></span> 
     </span>
     <span class='ocr_line' id='line_1_10' title="bbox 141 1259 1223 1362; baseline 0 -23"><span class='ocrx_word' id='word_1_78' title='bbox 141 1273 302 1361; x_wconf 72' lang='grc' dir='ltr'><strong>ἐπανέλθῃ</strong></span> <span class='ocrx_word' id='word_1_79' title='bbox 322 1259 471 1355; x_wconf 72' lang='grc' dir='ltr'><strong>βασιλεῦς</strong></span> <span class='ocrx_word' id='word_1_80' title='bbox 496 1272 513 1336; x_wconf 87' lang='grc' dir='ltr'><strong>ό</strong></span> <span class='ocrx_word' id='word_1_81' title='bbox 537 1272 816 1358; x_wconf 80' lang='grc' dir='ltr'><strong>Καιτακουζηνός,</strong></span> <span class='ocrx_word' id='word_1_82' title='bbox 847 1274 942 1338; x_wconf 71' lang='grc' dir='ltr'><strong>αὐτόν</strong></span> <span class='ocrx_word' id='word_1_83' title='bbox 960 1275 1046 1362; x_wconf 67' lang='lat' dir='ltr'><strong>adsui</strong></span> <span class='ocrx_word' id='word_1_84' title='bbox 1065 1276 1122 1358; x_wconf 71' lang='grc' dir='ltr'><strong>τῆς</strong></span> <span class='ocrx_word' id='word_1_85' title='bbox 1141 1301 1223 1357; x_wconf 59' lang='lat' dir='ltr'><strong>ovism</strong></span> 
     </span>
     <span class='ocr_line' id='line_1_11' title="bbox 102 1368 1222 1460; baseline 0.001 -23"><span class='ocrx_word' id='word_1_86' title='bbox 102 1375 264 1454; x_wconf 84' lang='grc' dir='ltr'><strong>ιομαχίας</strong></span> <span class='ocrx_word' id='word_1_87' title='bbox 288 1370 412 1456; x_wconf 75' lang='grc' dir='ltr'><strong>καὶτῆς</strong></span> <span class='ocrx_word' id='word_1_88' title='bbox 433 1377 542 1458; x_wconf 80' lang='grc' dir='ltr'><strong>φιλίας</strong></span> <span class='ocrx_word' id='word_1_89' title='bbox 560 1370 620 1446; x_wconf 78' lang='grc' dir='ltr'><strong>τός</strong></span> <span class='ocrx_word' id='word_1_90' title='bbox 636 1368 772 1456; x_wconf 80' lang='grc' dir='ltr'><strong>χάριτας</strong></span> <span class='ocrx_word' id='word_1_91' title='bbox 792 1375 933 1437; x_wconf 79' lang='grc' dir='ltr'><strong>ἐκτίνειν·</strong></span> <span class='ocrx_word' id='word_1_92' title='bbox 954 1375 985 1437; x_wconf 81' lang='grc' dir='ltr'><strong>εἰ</strong></span> <span class='ocrx_word' id='word_1_93' title='bbox 1004 1376 1038 1437; x_wconf 87' lang='grc' dir='ltr'><strong>δὲ</strong></span> <span class='ocrx_word' id='word_1_94' title='bbox 1062 1376 1222 1460; x_wconf 78' lang='grc' dir='ltr'><strong>συμβαίη,</strong></span> 
     </span>
     <span class='ocr_line' id='line_1_12' title="bbox 142 1467 1223 1563; baseline 0.001 -29"><span class='ocrx_word' id='word_1_95' title='bbox 142 1468 165 1556; x_wconf 80' lang='grc' dir='ltr'><em>ἢ</em></span> <span class='ocrx_word' id='word_1_96' title='bbox 195 1474 321 1561; x_wconf 80' lang='grc' dir='ltr'><strong>πολίμρι</strong></span> <span class='ocrx_word' id='word_1_97' title='bbox 348 1467 369 1555; x_wconf 80' lang='grc' dir='ltr'><em>ἢ</em></span> <span class='ocrx_word' id='word_1_98' title='bbox 391 1468 488 1558; x_wconf 76' lang='grc' dir='ltr'><strong>ἑτέρῳ</strong></span> <span class='ocrx_word' id='word_1_99' title='bbox 516 1469 621 1559; x_wconf 81' lang='grc' dir='ltr'><strong>τρόπηι</strong></span> <span class='ocrx_word' id='word_1_100' title='bbox 657 1473 731 1555; x_wconf 90' lang='grc' dir='ltr'><strong>πρίν</strong></span> <span class='ocrx_word' id='word_1_101' title='bbox 756 1468 918 1555; x_wconf 74' lang='grc' dir='ltr'><strong>ἐπανήκειν</strong></span> <span class='ocrx_word' id='word_1_102' title='bbox 944 1475 1105 1560; x_wconf 77' lang='grc' dir='ltr'><strong>τελευτᾷν,</strong></span> <span class='ocrx_word' id='word_1_103' title='bbox 1135 1468 1223 1563; x_wconf 71' lang='grc' dir='ltr'><strong>αὐτῷ</strong></span> 
     </span>
     <span class='ocr_line' id='line_1_13' title="bbox 143 1565 1321 1663; baseline 0.001 -28"><span class='ocrx_word' id='word_1_104' title='bbox 143 1568 204 1654; x_wconf 73' lang='grc' dir='ltr'><strong>τῆν</strong></span> <span class='ocrx_word' id='word_1_105' title='bbox 222 1567 313 1634; x_wconf 90' lang='grc' dir='ltr'><strong>πόλιν</strong></span> <span class='ocrx_word' id='word_1_106' title='bbox 333 1569 544 1655; x_wconf 79' lang='grc' dir='ltr'><strong>παραδιδόναι</strong></span> <span class='ocrx_word' id='word_1_107' title='bbox 564 1574 618 1634; x_wconf 84' lang='grc' dir='ltr'><strong>καί</strong></span> <span class='ocrx_word' id='word_1_108' title='bbox 636 1572 691 1653; x_wconf 76' lang='grc' dir='ltr'><strong>τῆς</strong></span> <span class='ocrx_word' id='word_1_109' title='bbox 711 1565 813 1654; x_wconf 76' lang='grc' dir='ltr'><strong>ἆρχῆς</strong></span> <span class='ocrx_word' id='word_1_110' title='bbox 834 1567 1259 1655; x_wconf 58' lang='grc' dir='ltr'><strong>ἆφιλιτασθαιῬιομαίιονΝ,</strong></span> <span class='ocrx_word' id='word_1_111' title='bbox 1273 1591 1321 1663; x_wconf 70' lang='lat'><strong>431</strong></span> 
     </span>
     <span class='ocr_line' id='line_1_14' title="bbox 143 1665 1220 1753; baseline 0.001 -19"><span class='ocrx_word' id='word_1_112' title='bbox 143 1671 234 1734; x_wconf 78' lang='grc' dir='ltr'><strong>τοῦτο</strong></span> <span class='ocrx_word' id='word_1_113' title='bbox 254 1672 289 1733; x_wconf 80' lang='grc' dir='ltr'><strong>δὲ</strong></span> <span class='ocrx_word' id='word_1_114' title='bbox 309 1671 370 1753; x_wconf 77' lang='grc' dir='ltr'><strong>οὐχ</strong></span> <span class='ocrx_word' id='word_1_115' title='bbox 394 1665 478 1733; x_wconf 84' lang='grc' dir='ltr'><strong>οότω</strong></span> <span class='ocrx_word' id='word_1_116' title='bbox 499 1669 554 1734; x_wconf 86' lang='grc' dir='ltr'>καί</span> <span class='ocrx_word' id='word_1_117' title='bbox 574 1672 701 1752; x_wconf 82' lang='grc' dir='ltr'><strong>α’ληθιός</strong></span> <span class='ocrx_word' id='word_1_118' title='bbox 722 1669 830 1743; x_wconf 76' lang='grc' dir='ltr'><strong>αδτυῖς</strong></span> <span class='ocrx_word' id='word_1_119' title='bbox 851 1670 994 1733; x_wconf 81' lang='grc' dir='ltr'><strong>ἐδέδοκτο</strong></span> <span class='ocrx_word' id='word_1_120' title='bbox 1014 1680 1123 1751; x_wconf 82' lang='grc' dir='ltr'><strong>ποιεῖν,</strong></span> <span class='ocrx_word' id='word_1_121' title='bbox 1140 1669 1220 1735; x_wconf 71' lang='lat' dir='ltr'><strong>dard</strong></span> 
     </span>
     <span class='ocr_line' id='line_1_15' title="bbox 143 1766 1253 1854; baseline -0.001 -24"><span class='ocrx_word' id='word_1_122' title='bbox 143 1767 319 1854; x_wconf 69' lang='grc' dir='ltr'><strong>φενακιζειν</strong></span> <span class='ocrx_word' id='word_1_123' title='bbox 339 1770 507 1851; x_wconf 77' lang='grc' dir='ltr'><strong>ἐπειρῶντο</strong></span> <span class='ocrx_word' id='word_1_124' title='bbox 527 1766 582 1831; x_wconf 84' lang='grc' dir='ltr'><strong>τόν</strong></span> <span class='ocrx_word' id='word_1_125' title='bbox 603 1766 719 1833; x_wconf 84' lang='grc' dir='ltr'><strong>Μυσὸν</strong></span> <span class='ocrx_word' id='word_1_126' title='bbox 739 1766 828 1832; x_wconf 80' lang='grc' dir='ltr'><strong>ἕνεκα</strong></span> <span class='ocrx_word' id='word_1_127' title='bbox 849 1770 956 1851; x_wconf 81' lang='grc' dir='ltr'><strong>δυοῖν,</strong></span> <span class='ocrx_word' id='word_1_128' title='bbox 985 1772 1043 1833; x_wconf 81' lang='grc' dir='ltr'><strong>τοῦ</strong></span> <span class='ocrx_word' id='word_1_129' title='bbox 1063 1794 1097 1833; x_wconf 88' lang='grc' dir='ltr'><strong>τε</strong></span> <span class='ocrx_word' id='word_1_130' title='bbox 1123 1767 1253 1835; x_wconf 79' lang='grc' dir='ltr'><strong>ου’τδνῦ</strong></span> 
     </span>
     <span class='ocr_line' id='line_1_16' title="bbox 104 1863 1223 1951; baseline 0.004 -23"><span class='ocrx_word' id='word_1_131' title='bbox 104 1869 197 1949; x_wconf 76' lang='grc' dir='ltr'><strong>ι5τῆς</strong></span> <span class='ocrx_word' id='word_1_132' title='bbox 217 1867 343 1941; x_wconf 84' lang='grc' dir='ltr'><strong>ἐλπίδος</strong></span> <span class='ocrx_word' id='word_1_133' title='bbox 370 1868 459 1931; x_wconf 78' lang='grc' dir='ltr'><strong>ἕνεκα</strong></span> <span class='ocrx_word' id='word_1_134' title='bbox 482 1867 591 1942; x_wconf 82' lang='grc' dir='ltr'><strong>αότοῖς</strong></span> <span class='ocrx_word' id='word_1_135' title='bbox 613 1863 770 1951; x_wconf 79' lang='grc' dir='ltr'><strong>αι’φέλειόν</strong></span> <span class='ocrx_word' id='word_1_136' title='bbox 790 1890 859 1930; x_wconf 91' lang='grc' dir='ltr'><strong>τινα</strong></span> <span class='ocrx_word' id='word_1_137' title='bbox 885 1869 1053 1950; x_wconf 81' lang='grc' dir='ltr'><strong>παρέχειν,</strong></span> <span class='ocrx_word' id='word_1_138' title='bbox 1087 1870 1142 1932; x_wconf 82' lang='grc' dir='ltr'><strong>καί</strong></span> <span class='ocrx_word' id='word_1_139' title='bbox 1166 1871 1223 1932; x_wconf 83' lang='grc' dir='ltr'><strong>τοῦ</strong></span> 
     </span>
     <span class='ocr_line' id='line_1_17' title="bbox 141 1960 1222 2051; baseline 0.004 -23"><span class='ocrx_word' id='word_1_140' title='bbox 141 1965 291 2049; x_wconf 89' lang='grc' dir='ltr'><strong>βασιλίδα</strong></span> <span class='ocrx_word' id='word_1_141' title='bbox 312 1964 370 2048; x_wconf 75' lang='grc' dir='ltr'><strong>την</strong></span> <span class='ocrx_word' id='word_1_142' title='bbox 383 1960 501 2030; x_wconf 74' lang='grc' dir='ltr'><strong>Ἅνναν</strong></span> <span class='ocrx_word' id='word_1_143' title='bbox 523 1969 578 2029; x_wconf 84' lang='grc' dir='ltr'>καί</span> <span class='ocrx_word' id='word_1_144' title='bbox 593 1965 772 2045; x_wconf 86' lang='grc' dir='ltr'><strong>Ῥωμαίους</strong></span> <span class='ocrx_word' id='word_1_145' title='bbox 793 1964 866 2040; x_wconf 78' lang='grc' dir='ltr'><strong>τούς</strong></span> <span class='ocrx_word' id='word_1_146' title='bbox 886 1964 1004 2040; x_wconf 84' lang='grc' dir='ltr'><strong>αότοός</strong></span> <span class='ocrx_word' id='word_1_147' title='bbox 1019 1972 1222 2051; x_wconf 83' lang='grc' dir='ltr'><strong>πολιορκοῦν-</strong></span> 
     </span>
     <span class='ocr_line' id='line_1_18' title="bbox 140 2061 1222 2153; baseline -0.003 -23"><span class='ocrx_word' id='word_1_148' title='bbox 140 2090 197 2140; x_wconf 76' lang='grc' dir='ltr'><strong>τας</strong></span> <span class='ocrx_word' id='word_1_149' title='bbox 217 2067 434 2153; x_wconf 76' lang='grc' dir='ltr'><strong>πυθομένους,</strong></span> <span class='ocrx_word' id='word_1_150' title='bbox 468 2064 512 2139; x_wconf 64' lang='grc' dir='ltr'><strong>οἱς</strong></span> <span class='ocrx_word' id='word_1_151' title='bbox 533 2064 707 2146; x_wconf 83' lang='grc' dir='ltr'><strong>συμβάσεις</strong></span> <span class='ocrx_word' id='word_1_152' title='bbox 733 2062 809 2147; x_wconf 85' lang='grc' dir='ltr'><strong>περί</strong></span> <span class='ocrx_word' id='word_1_153' title='bbox 834 2061 1038 2147; x_wconf 87' lang='grc' dir='ltr'><strong>παραδόσεως</strong></span> <span class='ocrx_word' id='word_1_154' title='bbox 1060 2065 1222 2129; x_wconf 76' lang='grc' dir='ltr'><strong>ποιοῦνται</strong></span> 
     </span>
     <span class='ocr_line' id='line_1_19' title="bbox 142 2161 1221 2247; baseline 0 -20"><span class='ocrx_word' id='word_1_155' title='bbox 142 2162 221 2247; x_wconf 85' lang='grc' dir='ltr'><strong>πρὸς</strong></span> <span class='ocrx_word' id='word_1_156' title='bbox 247 2161 398 2241; x_wconf 84' lang='grc' dir='ltr'><strong>Μυσοός,</strong></span> <span class='ocrx_word' id='word_1_157' title='bbox 436 2162 480 2246; x_wconf 77' lang='grc' dir='ltr'><strong>μη</strong></span> <span class='ocrx_word' id='word_1_158' title='bbox 511 2166 582 2227; x_wconf 89' lang='grc' dir='ltr'><strong>λίαν</strong></span> <span class='ocrx_word' id='word_1_159' title='bbox 611 2165 830 2244; x_wconf 71' lang='grc' dir='ltr'><strong>ἐπιτίθεσθαι,</strong></span> <span class='ocrx_word' id='word_1_160' title='bbox 858 2163 927 2225; x_wconf 75' lang='grc' dir='ltr'><strong>ἀλλ’</strong></span> <span class='ocrx_word' id='word_1_161' title='bbox 954 2161 1121 2246; x_wconf 77' lang='grc' dir='ltr'><strong>όνακωχήν</strong></span> <span class='ocrx_word' id='word_1_162' title='bbox 1150 2186 1221 2227; x_wconf 88' lang='grc' dir='ltr'><strong>τινα</strong></span> 
     </span>
     <span class='ocr_line' id='line_1_20' title="bbox 142 2254 1226 2348; baseline -0.003 -22"><span class='ocrx_word' id='word_1_163' title='bbox 142 2266 314 2348; x_wconf 78' lang='grc' dir='ltr'><strong>παρέχειν,</strong></span> <span class='ocrx_word' id='word_1_164' title='bbox 337 2259 480 2338; x_wconf 84' lang='grc' dir='ltr'><strong>δεδιότας</strong></span> <span class='ocrx_word' id='word_1_165' title='bbox 498 2261 543 2348; x_wconf 73' lang='grc' dir='ltr'><strong>μη</strong></span> <span class='ocrx_word' id='word_1_166' title='bbox 566 2254 607 2326; x_wconf 87' lang='grc' dir='ltr'><strong>δι’</strong></span> <span class='ocrx_word' id='word_1_167' title='bbox 630 2260 726 2346; x_wconf 81' lang='grc' dir='ltr'><strong>όργην</strong></span> <span class='ocrx_word' id='word_1_168' title='bbox 746 2264 831 2348; x_wconf 81' lang='grc' dir='ltr'><strong>σφᾶς</strong></span> <span class='ocrx_word' id='word_1_169' title='bbox 849 2285 883 2325; x_wconf 89' lang='grc' dir='ltr'><strong>τε</strong></span> <span class='ocrx_word' id='word_1_170' title='bbox 902 2258 1153 2335; x_wconf 84' lang='grc' dir='ltr'><strong>αότοόςΜυσοῖς</strong></span> <span class='ocrx_word' id='word_1_171' title='bbox 1169 2258 1226 2323; x_wconf 78' lang='grc' dir='ltr'><strong>καί</strong></span> 
     </span>
     <span class='ocr_line' id='line_1_21' title="bbox 103 2355 1223 2447; baseline -0.003 -19"><span class='ocrx_word' id='word_1_172' title='bbox 103 2361 202 2446; x_wconf 72' lang='grc' dir='ltr'><strong>τοτὴν</strong></span> <span class='ocrx_word' id='word_1_173' title='bbox 221 2358 313 2427; x_wconf 87' lang='grc' dir='ltr'><strong>πόλιν</strong></span> <span class='ocrx_word' id='word_1_174' title='bbox 339 2365 536 2447; x_wconf 80' lang='grc' dir='ltr'><strong>παραδῶσιν.</strong></span> <span class='ocrx_word' id='word_1_175' title='bbox 578 2359 606 2426; x_wconf 83' lang='grc' dir='ltr'><strong>οὶ</strong></span> <span class='ocrx_word' id='word_1_176' title='bbox 625 2364 685 2442; x_wconf 80' lang='grc' dir='ltr'><strong>μὲν</strong></span> <span class='ocrx_word' id='word_1_177' title='bbox 709 2355 766 2425; x_wconf 74' lang='grc' dir='ltr'><strong>οὖν</strong></span> <span class='ocrx_word' id='word_1_178' title='bbox 785 2362 914 2447; x_wconf 81' lang='grc' dir='ltr'><strong>τοιαύτη</strong></span> <span class='ocrx_word' id='word_1_179' title='bbox 933 2356 1039 2446; x_wconf 74' lang='grc' dir='ltr'><strong>η”νιόμη</strong></span> <span class='ocrx_word' id='word_1_180' title='bbox 1067 2355 1126 2434; x_wconf 82' lang='grc' dir='ltr'><strong>τός</strong></span> <span class='ocrx_word' id='word_1_181' title='bbox 1146 2385 1223 2425; x_wconf 93' lang='grc' dir='ltr'><strong>συν-</strong></span> 
     </span>
     <span class='ocr_line' id='line_1_22' title="bbox 143 2460 1223 2546; baseline 0 -23"><span class='ocrx_word' id='word_1_182' title='bbox 143 2460 247 2546; x_wconf 77' lang='grc' dir='ltr'><strong>θηκας</strong></span> <span class='ocrx_word' id='word_1_183' title='bbox 266 2463 446 2542; x_wconf 78' lang='grc' dir='ltr'><strong>ἐποιοῦντο,</strong></span> <span class='ocrx_word' id='word_1_184' title='bbox 468 2460 609 2542; x_wconf 74' lang='grc' dir='ltr'><strong>ἀσμένως</strong></span> <span class='ocrx_word' id='word_1_185' title='bbox 628 2461 684 2525; x_wconf 83' lang='grc' dir='ltr'><strong>καί</strong></span> <span class='ocrx_word' id='word_1_186' title='bbox 702 2461 761 2524; x_wconf 79' lang='grc' dir='ltr'><strong>τοῦ</strong></span> <span class='ocrx_word' id='word_1_187' title='bbox 776 2461 903 2525; x_wconf 79' lang='grc' dir='ltr'><strong>Μυσῶν</strong></span> <span class='ocrx_word' id='word_1_188' title='bbox 922 2460 1078 2538; x_wconf 83' lang='grc' dir='ltr'><strong>βασιλέως</strong></span> <span class='ocrx_word' id='word_1_189' title='bbox 1094 2460 1223 2540; x_wconf 59' lang='lat' dir='ltr'><strong>deiend-</strong></span> 
     </span>
     <span class='ocr_line' id='line_1_23' title="bbox 142 2553 1224 2648; baseline -0.004 -25"><span class='ocrx_word' id='word_1_190' title='bbox 142 2581 199 2623; x_wconf 88' lang='grc' dir='ltr'><strong>νου</strong></span> <span class='ocrx_word' id='word_1_191' title='bbox 240 2558 295 2623; x_wconf 75' lang='grc' dir='ltr'><strong>καί</strong></span> <span class='ocrx_word' id='word_1_192' title='bbox 315 2561 410 2625; x_wconf 82' lang='grc' dir='ltr'><strong>παντί</strong></span> <span class='ocrx_word' id='word_1_193' title='bbox 438 2555 544 2648; x_wconf 81' lang='grc' dir='ltr'><strong>τρόπηι</strong></span> <span class='ocrx_word' id='word_1_194' title='bbox 572 2558 795 2642; x_wconf 78' lang='grc' dir='ltr'><strong>συμμαχήσειν</strong></span> <span class='ocrx_word' id='word_1_195' title='bbox 815 2557 1095 2642; x_wconf 73' lang='grc' dir='ltr'><strong>ἀπαγγελλομένου.</strong></span> <span class='ocrx_word' id='word_1_196' title='bbox 1135 2553 1224 2621; x_wconf 88' lang='grc' dir='ltr'><strong>τόδ’</strong></span> 
     </span>
     <span class='ocr_line' id='line_1_24' title="bbox 142 2651 1225 2746; baseline -0.002 -25"><span class='ocrx_word' id='word_1_197' title='bbox 142 2651 314 2739; x_wconf 81' lang='grc' dir='ltr'><strong>ἇπὲβαινεν</strong></span> <span class='ocrx_word' id='word_1_198' title='bbox 334 2659 491 2737; x_wconf 72' lang='grc' dir='ltr'><strong>ἐναντίος,</strong></span> <span class='ocrx_word' id='word_1_199' title='bbox 512 2653 533 2742; x_wconf 81' lang='grc' dir='ltr'><em>ἢ</em></span> <span class='ocrx_word' id='word_1_200' title='bbox 555 2656 708 2746; x_wconf 73' lang='grc' dir='ltr'><strong>ηἷὴθησαν</strong></span> <span class='ocrx_word' id='word_1_201' title='bbox 728 2653 830 2722; x_wconf 84' lang='grc' dir='ltr'><strong>αότοί.</strong></span> <span class='ocrx_word' id='word_1_202' title='bbox 850 2658 1051 2742; x_wconf 72' lang='grc' dir='ltr'><strong>Ἀλέξανδρος</strong></span> <span class='ocrx_word' id='word_1_203' title='bbox 1063 2653 1133 2740; x_wconf 78' lang='grc' dir='ltr'><strong>γὰρ,</strong></span> <span class='ocrx_word' id='word_1_204' title='bbox 1155 2652 1225 2720; x_wconf 74' lang='grc' dir='ltr'><strong>ἕπετ’</strong></span> 
     </span>
     <span class='ocr_line' id='line_1_25' title="bbox 143 2750 1224 2846; baseline -0.001 -27"><span class='ocrx_word' id='word_1_205' title='bbox 143 2755 175 2822; x_wconf 77' lang='lat' dir='ltr'><strong>oi</strong></span> <span class='ocrx_word' id='word_1_206' title='bbox 191 2757 453 2846; x_wconf 62' lang='lat' dir='ltr'><strong>irAtdvpoter&#39;gpr</strong></span> <span class='ocrx_word' id='word_1_207' title='bbox 473 2753 530 2831; x_wconf 78' lang='grc' dir='ltr'><strong>τός</strong></span> <span class='ocrx_word' id='word_1_208' title='bbox 550 2754 711 2840; x_wconf 71' lang='grc' dir='ltr'><strong>συνθήκας</strong></span> <span class='ocrx_word' id='word_1_209' title='bbox 730 2754 933 2841; x_wconf 75' lang='grc' dir='ltr'><strong>ἐποιήσαντο,</strong></span> <span class='ocrx_word' id='word_1_210' title='bbox 952 2754 1012 2837; x_wconf 71' lang='grc' dir='ltr'><strong>ὥς,</strong></span> <span class='ocrx_word' id='word_1_211' title='bbox 1027 2754 1058 2820; x_wconf 83' lang='grc' dir='ltr'><strong>εί</strong></span> <span class='ocrx_word' id='word_1_212' title='bbox 1072 2750 1120 2839; x_wconf 74' lang='grc' dir='ltr'><strong>μὴ</strong></span> <span class='ocrx_word' id='word_1_213' title='bbox 1131 2758 1224 2820; x_wconf 87' lang='grc' dir='ltr'><strong>Καν-</strong></span> 
     </span>
    </p>
   </div>
   <div class='ocr_carea' id='block_1_3' title="bbox 140 2931 1223 4343">
    <p class='ocr_par' dir='ltr' id='par_1_3' title="bbox 140 2931 1223 4343">
     <span class='ocr_line' id='line_1_26' title="bbox 143 2931 1222 3008; baseline -0.001 -23"><span class='ocrx_word' id='word_1_214' title='bbox 143 2931 231 2985; x_wconf 81' lang='lat' dir='ltr'><strong>multa</strong></span> <span class='ocrx_word' id='word_1_215' title='bbox 258 2938 286 2984; x_wconf 89' lang='lat' dir='ltr'><strong>et</strong></span> <span class='ocrx_word' id='word_1_216' title='bbox 303 2949 398 3002; x_wconf 80' lang='lat' dir='ltr'><strong>magua</strong></span> <span class='ocrx_word' id='word_1_217' title='bbox 415 2951 462 3004; x_wconf 92' lang='lat' dir='ltr'><strong>spe</strong></span> <span class='ocrx_word' id='word_1_218' title='bbox 481 2933 571 2986; x_wconf 83' lang='lat' dir='ltr'><strong>adhuc</strong></span> <span class='ocrx_word' id='word_1_219' title='bbox 592 2935 706 3008; x_wconf 76' lang='lat' dir='ltr'><strong>reliqua</strong></span> <span class='ocrx_word' id='word_1_220' title='bbox 741 2940 935 3004; x_wconf 78' lang='lat' dir='ltr'><strong>Imperatorem</strong></span> <span class='ocrx_word' id='word_1_221' title='bbox 954 2934 1028 2987; x_wconf 89' lang='lat' dir='ltr'><strong>enim</strong></span> <span class='ocrx_word' id='word_1_222' title='bbox 1054 2950 1110 2987; x_wconf 83' lang='lat' dir='ltr'><strong>non</strong></span> <span class='ocrx_word' id='word_1_223' title='bbox 1128 2931 1222 2986; x_wconf 86' lang='lat' dir='ltr'><strong>tarda·</strong></span> 
     </span>
     <span class='ocr_line' id='line_1_27' title="bbox 143 3002 1222 3077; baseline 0 -21"><span class='ocrx_word' id='word_1_224' title='bbox 143 3012 234 3056; x_wconf 88' lang='lat' dir='ltr'><strong>turum</strong></span> <span class='ocrx_word' id='word_1_225' title='bbox 262 3004 292 3056; x_wconf 89' lang='lat' dir='ltr'><strong>in</strong></span> <span class='ocrx_word' id='word_1_226' title='bbox 318 3006 421 3065; x_wconf 82' lang='lat' dir='ltr'><strong>reditu,</strong></span> <span class='ocrx_word' id='word_1_227' title='bbox 438 3008 575 3077; x_wconf 84' lang='lat' dir='ltr'><strong>pauloque</strong></span> <span class='ocrx_word' id='word_1_228' title='bbox 593 3016 655 3077; x_wconf 85' lang='lat' dir='ltr'><strong>post</strong></span> <span class='ocrx_word' id='word_1_229' title='bbox 680 3009 826 3059; x_wconf 84' lang='lat' dir='ltr'><strong>affuturum</strong></span> <span class='ocrx_word' id='word_1_230' title='bbox 848 3012 986 3056; x_wconf 87' lang='lat' dir='ltr'><strong>eteorum</strong></span> <span class='ocrx_word' id='word_1_231' title='bbox 1004 3005 1034 3054; x_wconf 87' lang='lat' dir='ltr'><strong>in</strong></span> <span class='ocrx_word' id='word_1_232' title='bbox 1052 3019 1081 3053; x_wconf 92' lang='lat' dir='ltr'><strong>se</strong></span> <span class='ocrx_word' id='word_1_233' title='bbox 1100 3002 1222 3056; x_wconf 85' lang='lat' dir='ltr'><strong>benevo-</strong></span> 
     </span>
     <span class='ocr_line' id='line_1_28' title="bbox 144 3073 1222 3145; baseline 0.002 -19"><span class='ocrx_word' id='word_1_234' title='bbox 144 3074 278 3135; x_wconf 79' lang='lat' dir='ltr'><strong>lentiam,</strong></span> <span class='ocrx_word' id='word_1_235' title='bbox 295 3073 486 3141; x_wconf 77' lang='lat' dir='ltr'><strong>iostitudiuem</strong></span> <span class='ocrx_word' id='word_1_236' title='bbox 505 3092 536 3126; x_wconf 88' lang='lat' dir='ltr'><strong>ac</strong></span> <span class='ocrx_word' id='word_1_237' title='bbox 554 3077 726 3129; x_wconf 77' lang='lat' dir='ltr'><strong>tolerantiam</strong></span> <span class='ocrx_word' id='word_1_238' title='bbox 749 3092 798 3145; x_wconf 89' lang='lat' dir='ltr'><strong>pro</strong></span> <span class='ocrx_word' id='word_1_239' title='bbox 816 3074 949 3143; x_wconf 77' lang='lat' dir='ltr'><strong>dignitate</strong></span> <span class='ocrx_word' id='word_1_240' title='bbox 974 3081 1222 3143; x_wconf 75' lang='lat' dir='ltr'><strong>compensaturum·</strong></span> 
     </span>
     <span class='ocr_line' id='line_1_29' title="bbox 143 3141 1220 3212; baseline -0.004 -15"><span class='ocrx_word' id='word_1_241' title='bbox 143 3142 302 3197; x_wconf 68' lang='lat' dir='ltr'><strong>Istiusmodi</strong></span> <span class='ocrx_word' id='word_1_242' title='bbox 323 3145 413 3197; x_wconf 83' lang='lat' dir='ltr'><strong>verbis</strong></span> <span class='ocrx_word' id='word_1_243' title='bbox 431 3147 533 3198; x_wconf 89' lang='lat' dir='ltr'><strong>milites</strong></span> <span class='ocrx_word' id='word_1_244' title='bbox 551 3148 599 3198; x_wconf 93' lang='lat' dir='ltr'><strong>illa</strong></span> <span class='ocrx_word' id='word_1_245' title='bbox 618 3147 732 3198; x_wconf 82' lang='lat' dir='ltr'><strong>mirifice</strong></span> <span class='ocrx_word' id='word_1_246' title='bbox 750 3144 891 3198; x_wconf 84' lang='lat' dir='ltr'><strong>recreabat</strong></span> <span class='ocrx_word' id='word_1_247' title='bbox 908 3153 937 3198; x_wconf 87' lang='lat' dir='ltr'><strong>et</strong></span> <span class='ocrx_word' id='word_1_248' title='bbox 954 3143 990 3195; x_wconf 90' lang='lat' dir='ltr'><strong>ad</strong></span> <span class='ocrx_word' id='word_1_249' title='bbox 1013 3141 1137 3195; x_wconf 83' lang='lat' dir='ltr'><strong>feliciore</strong></span> <span class='ocrx_word' id='word_1_250' title='bbox 1155 3159 1220 3212; x_wconf 87' lang='lat' dir='ltr'><strong>spe-</strong></span> 
     </span>
     <span class='ocr_line' id='line_1_30' title="bbox 143 3214 1220 3286; baseline -0.001 -19"><span class='ocrx_word' id='word_1_251' title='bbox 143 3214 227 3267; x_wconf 80' lang='lat' dir='ltr'><strong>rande</strong></span> <span class='ocrx_word' id='word_1_252' title='bbox 257 3214 445 3267; x_wconf 77' lang='lat' dir='ltr'><strong>exsuscitabat.</strong></span> <span class='ocrx_word' id='word_1_253' title='bbox 481 3217 626 3270; x_wconf 84' lang='lat' dir='ltr'><strong>Decretum</strong></span> <span class='ocrx_word' id='word_1_254' title='bbox 653 3224 695 3269; x_wconf 86' lang='lat' dir='ltr'><strong>est</strong></span> <span class='ocrx_word' id='word_1_255' title='bbox 719 3232 800 3286; x_wconf 82' lang='lat' dir='ltr'><strong>porro</strong></span> <span class='ocrx_word' id='word_1_256' title='bbox 827 3214 964 3267; x_wconf 86' lang='lat' dir='ltr'><strong>communi</strong></span> <span class='ocrx_word' id='word_1_257' title='bbox 988 3215 1140 3276; x_wconf 85' lang='lat' dir='ltr'><strong>sententia,</strong></span> <span class='ocrx_word' id='word_1_258' title='bbox 1155 3214 1220 3266; x_wconf 74' lang='lat' dir='ltr'><strong>Ale-</strong></span> 
     </span>
     <span class='ocr_line' id='line_1_31' title="bbox 142 3282 1221 3359; baseline 0 -22"><span class='ocrx_word' id='word_1_259' title='bbox 142 3285 287 3347; x_wconf 83' lang='lat' dir='ltr'><strong>xandrum,</strong></span> <span class='ocrx_word' id='word_1_260' title='bbox 306 3301 393 3354; x_wconf 78' lang='lat' dir='ltr'><strong>regem</strong></span> <span class='ocrx_word' id='word_1_261' title='bbox 411 3287 575 3349; x_wconf 73' lang='lat' dir='ltr'><strong>Moesorum,</strong></span> <span class='ocrx_word' id='word_1_262' title='bbox 592 3305 641 3359; x_wconf 90' lang='lat' dir='ltr'><strong>per</strong></span> <span class='ocrx_word' id='word_1_263' title='bbox 652 3288 755 3354; x_wconf 81' lang='lat' dir='ltr'><strong>legatos</strong></span> <span class='ocrx_word' id='word_1_264' title='bbox 774 3284 967 3356; x_wconf 89' lang='lat' dir='ltr'><strong>appellandum</strong></span> <span class='ocrx_word' id='word_1_265' title='bbox 985 3292 1089 3335; x_wconf 88' lang='lat' dir='ltr'><strong>etcum</strong></span> <span class='ocrx_word' id='word_1_266' title='bbox 1106 3299 1139 3336; x_wconf 90' lang='lat' dir='ltr'><strong>eo</strong></span> <span class='ocrx_word' id='word_1_267' title='bbox 1160 3282 1221 3337; x_wconf 82' lang='lat' dir='ltr'><strong>foe-</strong></span> 
     </span>
     <span class='ocr_line' id='line_1_32' title="bbox 143 3354 1223 3426; baseline 0.001 -20"><span class='ocrx_word' id='word_1_268' title='bbox 143 3354 196 3406; x_wconf 88' lang='lat' dir='ltr'><strong>dus</strong></span> <span class='ocrx_word' id='word_1_269' title='bbox 214 3356 252 3407; x_wconf 83' lang='lat' dir='ltr'><strong>ita</strong></span> <span class='ocrx_word' id='word_1_270' title='bbox 270 3355 439 3419; x_wconf 82' lang='lat' dir='ltr'><strong>feriencium,</strong></span> <span class='ocrx_word' id='word_1_271' title='bbox 461 3366 493 3409; x_wconf 89' lang='lat' dir='ltr'><strong>ut</strong></span> <span class='ocrx_word' id='word_1_272' title='bbox 510 3360 629 3426; x_wconf 90' lang='lat' dir='ltr'><strong>ipsorum</strong></span> <span class='ocrx_word' id='word_1_273' title='bbox 647 3357 736 3409; x_wconf 85' lang='lat' dir='ltr'><strong>socius</strong></span> <span class='ocrx_word' id='word_1_274' title='bbox 754 3362 782 3408; x_wconf 88' lang='lat' dir='ltr'><strong>et</strong></span> <span class='ocrx_word' id='word_1_275' title='bbox 799 3357 901 3407; x_wconf 85' lang='lat' dir='ltr'><strong>amicus</strong></span> <span class='ocrx_word' id='word_1_276' title='bbox 918 3361 998 3415; x_wconf 87' lang='lat' dir='ltr'><strong>esset,</strong></span> <span class='ocrx_word' id='word_1_277' title='bbox 1016 3371 1088 3405; x_wconf 82' lang='lat' dir='ltr'><strong>arma</strong></span> <span class='ocrx_word' id='word_1_278' title='bbox 1105 3354 1223 3407; x_wconf 84' lang='lat' dir='ltr'><strong>coniun-</strong></span> 
     </span>
     <span class='ocr_line' id='line_1_33' title="bbox 143 3425 1223 3496; baseline 0.001 -20"><span class='ocrx_word' id='word_1_279' title='bbox 143 3434 222 3494; x_wconf 74' lang='lat' dir='ltr'><strong>geret</strong></span> <span class='ocrx_word' id='word_1_280' title='bbox 243 3433 270 3476; x_wconf 89' lang='lat' dir='ltr'><strong>et</strong></span> <span class='ocrx_word' id='word_1_281' title='bbox 287 3426 393 3477; x_wconf 91' lang='lat' dir='ltr'><strong>nullum</strong></span> <span class='ocrx_word' id='word_1_282' title='bbox 419 3429 556 3482; x_wconf 78' lang='lat' dir='ltr'><strong>amicitiae</strong></span> <span class='ocrx_word' id='word_1_283' title='bbox 579 3442 676 3478; x_wconf 86' lang='lat' dir='ltr'><strong>munus</strong></span> <span class='ocrx_word' id='word_1_284' title='bbox 695 3425 867 3496; x_wconf 88' lang='lat' dir='ltr'><strong>officiumque</strong></span> <span class='ocrx_word' id='word_1_285' title='bbox 886 3442 941 3493; x_wconf 85' lang='lat' dir='ltr'><strong>uon</strong></span> <span class='ocrx_word' id='word_1_286' title='bbox 958 3432 1125 3494; x_wconf 83' lang='lat' dir='ltr'><strong>praestaret:</strong></span> <span class='ocrx_word' id='word_1_287' title='bbox 1144 3433 1172 3476; x_wconf 91' lang='lat' dir='ltr'><strong>ct</strong></span> <span class='ocrx_word' id='word_1_288' title='bbox 1190 3431 1223 3477; x_wconf 86' lang='lat' dir='ltr'><strong>ut</strong></span> 
     </span>
     <span class='ocr_line' id='line_1_34' title="bbox 143 3494 1223 3567; baseline 0 -21"><span class='ocrx_word' id='word_1_289' title='bbox 143 3494 348 3547; x_wconf 84' lang='lat' dir='ltr'><strong>Cautacuzeuus</strong></span> <span class='ocrx_word' id='word_1_290' title='bbox 376 3498 524 3567; x_wconf 86' lang='lat' dir='ltr'><strong>imperator</strong></span> <span class='ocrx_word' id='word_1_291' title='bbox 548 3497 633 3551; x_wconf 76' lang='lat' dir='ltr'><strong>reclus</strong></span> <span class='ocrx_word' id='word_1_292' title='bbox 651 3498 709 3566; x_wconf 91' lang='lat' dir='ltr'><strong>ipse</strong></span> <span class='ocrx_word' id='word_1_293' title='bbox 727 3496 753 3549; x_wconf 89' lang='lat' dir='ltr'><strong>ei</strong></span> <span class='ocrx_word' id='word_1_294' title='bbox 770 3496 852 3549; x_wconf 89' lang='lat' dir='ltr'><strong>buius</strong></span> <span class='ocrx_word' id='word_1_295' title='bbox 870 3497 1004 3548; x_wconf 74' lang='lat' dir='ltr'><strong>amicitiae</strong></span> <span class='ocrx_word' id='word_1_296' title='bbox 1026 3496 1223 3564; x_wconf 81' lang='lat' dir='ltr'><strong>societatisque</strong></span> 
     </span>
     <span class='ocr_line' id='line_1_35' title="bbox 141 3564 1223 3636; baseline -0.002 -19"><span class='ocrx_word' id='word_1_297' title='bbox 141 3566 292 3635; x_wconf 85' lang='lat' dir='ltr'><strong>praemium</strong></span> <span class='ocrx_word' id='word_1_298' title='bbox 312 3568 486 3634; x_wconf 83' lang='lat' dir='ltr'><strong>persolveret.</strong></span> <span class='ocrx_word' id='word_1_299' title='bbox 522 3568 571 3620; x_wconf 83' lang='lat' dir='ltr'><strong>sin</strong></span> <span class='ocrx_word' id='word_1_300' title='bbox 589 3585 650 3620; x_wconf 87' lang='lat' dir='ltr'><strong>euru</strong></span> <span class='ocrx_word' id='word_1_301' title='bbox 670 3575 718 3619; x_wconf 88' lang='lat' dir='ltr'><strong>aut</strong></span> <span class='ocrx_word' id='word_1_302' title='bbox 736 3568 765 3617; x_wconf 85' lang='lat' dir='ltr'><strong>iu</strong></span> <span class='ocrx_word' id='word_1_303' title='bbox 783 3583 874 3636; x_wconf 77' lang='lat' dir='ltr'><strong>pugna</strong></span> <span class='ocrx_word' id='word_1_304' title='bbox 892 3575 940 3617; x_wconf 89' lang='lat' dir='ltr'><strong>aut</strong></span> <span class='ocrx_word' id='word_1_305' title='bbox 957 3566 1038 3617; x_wconf 88' lang='lat' dir='ltr'><strong>aliter</strong></span> <span class='ocrx_word' id='word_1_306' title='bbox 1059 3573 1122 3617; x_wconf 86' lang='lat' dir='ltr'><strong>ante</strong></span> <span class='ocrx_word' id='word_1_307' title='bbox 1145 3564 1223 3618; x_wconf 86' lang='lat' dir='ltr'><strong>redi-</strong></span> 
     </span>
     <span class='ocr_line' id='line_1_36' title="bbox 142 3634 1222 3707; baseline -0.003 -19"><span class='ocrx_word' id='word_1_308' title='bbox 142 3644 202 3688; x_wconf 90' lang='lat' dir='ltr'><strong>tum</strong></span> <span class='ocrx_word' id='word_1_309' title='bbox 226 3636 310 3687; x_wconf 87' lang='lat' dir='ltr'><strong>emori</strong></span> <span class='ocrx_word' id='word_1_310' title='bbox 335 3639 506 3707; x_wconf 73' lang='lat' dir='ltr'><strong>contigisset,</strong></span> <span class='ocrx_word' id='word_1_311' title='bbox 537 3638 589 3706; x_wconf 85' lang='lat' dir='ltr'><strong>ipsi</strong></span> <span class='ocrx_word' id='word_1_312' title='bbox 615 3638 679 3689; x_wconf 85' lang='lat' dir='ltr'><strong>urbs</strong></span> <span class='ocrx_word' id='word_1_313' title='bbox 705 3634 951 3707; x_wconf 72' lang='lat' dir='ltr'><strong>Didymotichum,</strong></span> <span class='ocrx_word' id='word_1_314' title='bbox 977 3635 1011 3687; x_wconf 86' lang='lat' dir='ltr'><strong>ab</strong></span> <span class='ocrx_word' id='word_1_315' title='bbox 1031 3636 1145 3703; x_wconf 84' lang='lat' dir='ltr'><strong>imperio</strong></span> <span class='ocrx_word' id='word_1_316' title='bbox 1166 3637 1222 3686; x_wconf 82' lang='lat' dir='ltr'><strong>lio-</strong></span> 
     </span>
     <span class='ocr_line' id='line_1_37' title="bbox 142 3706 1222 3776; baseline 0 -20"><span class='ocrx_word' id='word_1_317' title='bbox 142 3721 225 3757; x_wconf 83' lang='lat' dir='ltr'><strong>mano</strong></span> <span class='ocrx_word' id='word_1_318' title='bbox 254 3715 399 3774; x_wconf 78' lang='lat' dir='ltr'><strong>regregata,</strong></span> <span class='ocrx_word' id='word_1_319' title='bbox 425 3708 585 3761; x_wconf 83' lang='lat' dir='ltr'><strong>traderetur.</strong></span> <span class='ocrx_word' id='word_1_320' title='bbox 628 3706 710 3776; x_wconf 85' lang='lat' dir='ltr'><strong>Quod</strong></span> <span class='ocrx_word' id='word_1_321' title='bbox 757 3708 848 3760; x_wconf 91' lang='lat' dir='ltr'><strong>uidem</strong></span> <span class='ocrx_word' id='word_1_322' title='bbox 874 3722 967 3762; x_wconf 81' lang='lat' dir='ltr'><strong>revera</strong></span> <span class='ocrx_word' id='word_1_323' title='bbox 990 3707 1080 3758; x_wconf 81' lang='lat' dir='ltr'><strong>iacere</strong></span> <span class='ocrx_word' id='word_1_324' title='bbox 1102 3707 1175 3757; x_wconf 88' lang='lat' dir='ltr'><strong>luter</strong></span> <span class='ocrx_word' id='word_1_325' title='bbox 1191 3720 1222 3759; x_wconf 85' lang='lat' dir='ltr'><strong>ss</strong></span> 
     </span>
     <span class='ocr_line' id='line_1_38' title="bbox 141 3725 1221 3839; baseline 0.001 -13"><span class='ocrx_word' id='word_1_326' title='bbox 141 3791 200 3827; x_wconf 86' lang='lat' dir='ltr'><strong>mon</strong></span> <span class='ocrx_word' id='word_1_327' title='bbox 227 3783 397 3839; x_wconf 85' lang='lat' dir='ltr'><strong>statuerant,</strong></span> <span class='ocrx_word' id='word_1_328' title='bbox 419 3778 466 3829; x_wconf 86' lang='lat' dir='ltr'><strong>sed</strong></span> <span class='ocrx_word' id='word_1_329' title='bbox 494 3794 556 3828; x_wconf 90' lang='lat' dir='ltr'><strong>eum</strong></span> <span class='ocrx_word' id='word_1_330' title='bbox 581 3778 715 3830; x_wconf 79' lang='lat' dir='ltr'><strong>ludificari</strong></span> <span class='ocrx_word' id='word_1_331' title='bbox 737 3725 850 3831; x_wconf 47' lang='lat' dir='ltr'><strong>‘duabus</strong></span> <span class='ocrx_word' id='word_1_332' title='bbox 875 3776 910 3829; x_wconf 88' lang='lat' dir='ltr'><strong>de</strong></span> <span class='ocrx_word' id='word_1_333' title='bbox 929 3777 1016 3828; x_wconf 85' lang='lat' dir='ltr'><strong>causis</strong></span> <span class='ocrx_word' id='word_1_334' title='bbox 1034 3776 1221 3829; x_wconf 77' lang='lat' dir='ltr'><strong>attentabantr</strong></span> 
     </span>
     <span class='ocr_line' id='line_1_39' title="bbox 142 3845 1222 3919; baseline 0 -22"><span class='ocrx_word' id='word_1_335' title='bbox 142 3853 202 3897; x_wconf 84' lang='lat' dir='ltr'><strong>tom</strong></span> <span class='ocrx_word' id='word_1_336' title='bbox 225 3855 257 3898; x_wconf 92' lang='lat' dir='ltr'><strong>ut</strong></span> <span class='ocrx_word' id='word_1_337' title='bbox 280 3845 333 3897; x_wconf 86' lang='lat' dir='ltr'><strong>bac</strong></span> <span class='ocrx_word' id='word_1_338' title='bbox 355 3864 403 3915; x_wconf 90' lang='lat' dir='ltr'><strong>spe</strong></span> <span class='ocrx_word' id='word_1_339' title='bbox 429 3847 553 3910; x_wconf 88' lang='lat' dir='ltr'><strong>illectus,</strong></span> <span class='ocrx_word' id='word_1_340' title='bbox 578 3850 671 3919; x_wconf 88' lang='lat' dir='ltr'><strong>aliquo</strong></span> <span class='ocrx_word' id='word_1_341' title='bbox 694 3849 760 3917; x_wconf 90' lang='lat' dir='ltr'><strong>ipsis</strong></span> <span class='ocrx_word' id='word_1_342' title='bbox 779 3847 883 3898; x_wconf 79' lang='lat' dir='ltr'><strong>auxilio</strong></span> <span class='ocrx_word' id='word_1_343' title='bbox 908 3853 1094 3898; x_wconf 74' lang='lat' dir='ltr'><strong>succurreretr</strong></span> <span class='ocrx_word' id='word_1_344' title='bbox 1114 3853 1170 3897; x_wconf 92' lang='lat' dir='ltr'><strong>tum</strong></span> <span class='ocrx_word' id='word_1_345' title='bbox 1189 3853 1222 3897; x_wconf 85' lang='lat' dir='ltr'><strong>ut</strong></span> 
     </span>
     <span class='ocr_line' id='line_1_40' title="bbox 142 3913 1221 3988; baseline -0.002 -22"><span class='ocrx_word' id='word_1_346' title='bbox 142 3915 222 3966; x_wconf 77' lang='lat' dir='ltr'><strong>Anna</strong></span> <span class='ocrx_word' id='word_1_347' title='bbox 243 3918 361 3986; x_wconf 77' lang='lat' dir='ltr'><strong>Augusta</strong></span> <span class='ocrx_word' id='word_1_348' title='bbox 390 3924 417 3968; x_wconf 90' lang='lat' dir='ltr'><strong>et</strong></span> <span class='ocrx_word' id='word_1_349' title='bbox 437 3919 568 3983; x_wconf 80' lang='lat' dir='ltr'><strong>Romani,</strong></span> <span class='ocrx_word' id='word_1_350' title='bbox 594 3918 641 3988; x_wconf 91' lang='lat' dir='ltr'><strong>qui</strong></span> <span class='ocrx_word' id='word_1_351' title='bbox 664 3918 846 3979; x_wconf 79' lang='lat' dir='ltr'><strong>obsidebant,</strong></span> <span class='ocrx_word' id='word_1_352' title='bbox 866 3916 989 3967; x_wconf 89' lang='lat' dir='ltr'><strong>obsessos</strong></span> <span class='ocrx_word' id='word_1_353' title='bbox 1010 3915 1044 3968; x_wconf 89' lang='lat' dir='ltr'><strong>de</strong></span> <span class='ocrx_word' id='word_1_354' title='bbox 1069 3913 1135 3967; x_wconf 87' lang='lat' dir='ltr'><strong>urbe</strong></span> <span class='ocrx_word' id='word_1_355' title='bbox 1161 3923 1221 3967; x_wconf 89' lang='lat' dir='ltr'><strong>tra-</strong></span> 
     </span>
     <span class='ocr_line' id='line_1_41' title="bbox 143 3982 1220 4056; baseline 0.001 -22"><span class='ocrx_word' id='word_1_356' title='bbox 143 3982 235 4038; x_wconf 85' lang='lat' dir='ltr'><strong>denda</strong></span> <span class='ocrx_word' id='word_1_357' title='bbox 262 4003 323 4037; x_wconf 84' lang='lat' dir='ltr'><strong>euru</strong></span> <span class='ocrx_word' id='word_1_358' title='bbox 341 3986 443 4039; x_wconf 76' lang='lat' dir='ltr'><strong>Moesis</strong></span> <span class='ocrx_word' id='word_1_359' title='bbox 460 3990 560 4056; x_wconf 83' lang='lat' dir='ltr'><strong>paciaci</strong></span> <span class='ocrx_word' id='word_1_360' title='bbox 579 3987 740 4050; x_wconf 87' lang='lat' dir='ltr'><strong>audientes,</strong></span> <span class='ocrx_word' id='word_1_361' title='bbox 766 3988 873 4055; x_wconf 79' lang='lat' dir='ltr'><strong>segnius</strong></span> <span class='ocrx_word' id='word_1_362' title='bbox 891 3987 1024 4038; x_wconf 86' lang='lat' dir='ltr'><strong>instarent</strong></span> <span class='ocrx_word' id='word_1_363' title='bbox 1041 3985 1220 4054; x_wconf 70' lang='lat' dir='ltr'><strong>induciaeque</strong></span> 
     </span>
     <span class='ocr_line' id='line_1_42' title="bbox 145 4053 1218 4126; baseline -0.003 -21"><span class='ocrx_word' id='word_1_364' title='bbox 145 4053 346 4117; x_wconf 82' lang='lat' dir='ltr'><strong>concederent,</strong></span> <span class='ocrx_word' id='word_1_365' title='bbox 379 4059 521 4120; x_wconf 87' lang='lat' dir='ltr'><strong>timentes,</strong></span> <span class='ocrx_word' id='word_1_366' title='bbox 555 4076 610 4121; x_wconf 85' lang='lat' dir='ltr'><strong>ue,</strong></span> <span class='ocrx_word' id='word_1_367' title='bbox 638 4060 678 4109; x_wconf 83' lang='lat' dir='ltr'><strong>ira</strong></span> <span class='ocrx_word' id='word_1_368' title='bbox 704 4057 880 4118; x_wconf 87' lang='lat' dir='ltr'><strong>stimulante,</strong></span> <span class='ocrx_word' id='word_1_369' title='bbox 911 4073 994 4126; x_wconf 85' lang='lat' dir='ltr'><strong>seque</strong></span> <span class='ocrx_word' id='word_1_370' title='bbox 1021 4063 1049 4105; x_wconf 90' lang='lat' dir='ltr'><strong>et</strong></span> <span class='ocrx_word' id='word_1_371' title='bbox 1085 4053 1218 4122; x_wconf 85' lang='lat' dir='ltr'><strong>oppidum</strong></span> 
     </span>
     <span class='ocr_line' id='line_1_43' title="bbox 140 4123 1219 4190; baseline -0.006 -13"><span class='ocrx_word' id='word_1_372' title='bbox 140 4123 243 4177; x_wconf 74' lang='lat' dir='ltr'><strong>Moesis</strong></span> <span class='ocrx_word' id='word_1_373' title='bbox 261 4125 401 4177; x_wconf 77' lang='lat' dir='ltr'><strong>dederent</strong></span> <span class='ocrx_word' id='word_1_374' title='bbox 445 4128 501 4178; x_wconf 85' lang='lat' dir='ltr'><strong>Hac</strong></span> <span class='ocrx_word' id='word_1_375' title='bbox 525 4128 566 4180; x_wconf 88' lang='lat' dir='ltr'><strong>illl</strong></span> <span class='ocrx_word' id='word_1_376' title='bbox 598 4136 688 4180; x_wconf 87' lang='lat' dir='ltr'><strong>mente</strong></span> <span class='ocrx_word' id='word_1_377' title='bbox 721 4126 837 4190; x_wconf 86' lang='lat' dir='ltr'><strong>foedus,</strong></span> <span class='ocrx_word' id='word_1_378' title='bbox 862 4125 967 4179; x_wconf 85' lang='lat' dir='ltr'><strong>libente</strong></span> <span class='ocrx_word' id='word_1_379' title='bbox 989 4126 1144 4177; x_wconf 74' lang='lat' dir='ltr'><strong>Moesorum</strong></span> <span class='ocrx_word' id='word_1_380' title='bbox 1175 4138 1219 4172; x_wconf 88' lang='lat' dir='ltr'><strong>re-</strong></span> 
     </span>
     <span class='ocr_line' id='line_1_44' title="bbox 141 4191 1220 4268; baseline -0.003 -24"><span class='ocrx_word' id='word_1_381' title='bbox 141 4209 176 4263; x_wconf 74' lang='lat' dir='ltr'><strong>ge</strong></span> <span class='ocrx_word' id='word_1_382' title='bbox 194 4200 223 4244; x_wconf 87' lang='lat' dir='ltr'><strong>et</strong></span> <span class='ocrx_word' id='word_1_383' title='bbox 242 4197 423 4249; x_wconf 86' lang='lat' dir='ltr'><strong>omnimodam</strong></span> <span class='ocrx_word' id='word_1_384' title='bbox 442 4213 521 4267; x_wconf 88' lang='lat' dir='ltr'><strong>opem</strong></span> <span class='ocrx_word' id='word_1_385' title='bbox 541 4196 706 4268; x_wconf 85' lang='lat' dir='ltr'><strong>pollicente,</strong></span> <span class='ocrx_word' id='word_1_386' title='bbox 734 4196 860 4250; x_wconf 83' lang='lat' dir='ltr'><strong>iciebant</strong></span> <span class='ocrx_word' id='word_1_387' title='bbox 898 4196 979 4265; x_wconf 79' lang='lat' dir='ltr'><strong>Atqui</strong></span> <span class='ocrx_word' id='word_1_388' title='bbox 998 4203 1090 4247; x_wconf 87' lang='lat' dir='ltr'><strong>contra</strong></span> <span class='ocrx_word' id='word_1_389' title='bbox 1108 4191 1220 4260; x_wconf 84' lang='lat' dir='ltr'><strong>opinio·</strong></span> 
     </span>
     <span class='ocr_line' id='line_1_45' title="bbox 144 4260 1215 4343; baseline -0.004 -25"><span class='ocrx_word' id='word_1_390' title='bbox 144 4279 211 4318; x_wconf 84' lang='lat' dir='ltr'><strong>nem</strong></span> <span class='ocrx_word' id='word_1_391' title='bbox 225 4264 332 4325; x_wconf 85' lang='lat' dir='ltr'><strong>occidit.</strong></span> <span class='ocrx_word' id='word_1_392' title='bbox 366 4266 520 4323; x_wconf 75' lang='lat' dir='ltr'><strong>Alexander</strong></span> <span class='ocrx_word' id='word_1_393' title='bbox 545 4268 637 4332; x_wconf 91' lang='lat' dir='ltr'><strong>enim,</strong></span> <span class='ocrx_word' id='word_1_394' title='bbox 656 4283 784 4343; x_wconf 86' lang='lat' dir='ltr'><strong>percusso</strong></span> <span class='ocrx_word' id='word_1_395' title='bbox 803 4265 916 4321; x_wconf 78' lang='lat' dir='ltr'><strong>foedere</strong></span> <span class='ocrx_word' id='word_1_396' title='bbox 938 4267 967 4318; x_wconf 89' lang='lat' dir='ltr'><strong>in</strong></span> <span class='ocrx_word' id='word_1_397' title='bbox 992 4281 1051 4316; x_wconf 87' lang='lat' dir='ltr'><strong>eam</strong></span> <span class='ocrx_word' id='word_1_398' title='bbox 1078 4260 1215 4315; x_wconf 88' lang='lat' dir='ltr'><strong>conditio·</strong></span> 
     </span>
    </p>
   </div>
   <div class='ocr_carea' id='block_1_4' title="bbox 177 4365 1023 4422">
    <p class='ocr_par' dir='ltr' id='par_1_4' title="bbox 177 4365 1023 4422">
     <span class='ocr_line' id='line_1_46' title="bbox 177 4365 1023 4422; baseline 0.002 -3"><span class='ocrx_word' id='word_1_399' title='bbox 177 4365 384 4421; x_wconf 81' lang='lat' dir='ltr'><strong>Cautacascuas</strong></span> <span class='ocrx_word' id='word_1_400' title='bbox 400 4370 437 4422; x_wconf 83' lang='grc' dir='ltr'><strong>ΙΙ.</strong></span> <span class='ocrx_word' id='word_1_401' title='bbox 613 4388 623 4409; x_wconf 84' lang='grc'><em>·</em></span> <span class='ocrx_word' id='word_1_402' title='bbox 988 4383 1023 4421; x_wconf 77' lang='lat' dir='ltr'><strong>aa</strong></span> 
     </span>
    </p>
   </div>
   <div class='ocr_carea' id='block_1_5' title="bbox 0 0 1472 4700">
    <p class='ocr_par' dir='ltr' id='par_1_5' title="bbox 0 0 1472 4700">
     <span class='ocr_line' id='line_1_47' title="bbox 0 0 1472 4700; baseline 0 0"><span class='ocrx_word' id='word_1_403' title='bbox 0 0 1472 4700; x_wconf 95' lang='lat' dir='ltr'><strong> </strong></span> 
     </span>
    </p>
   </div>
  </div>
 </body>
</html>
