<?xml version="1.0" encoding="UTF-8"?>
<!DOCTYPE html PUBLIC "-//W3C//DTD XHTML 1.0 Transitional//EN"
    "http://www.w3.org/TR/xhtml1/DTD/xhtml1-transitional.dtd">
<html xmlns="http://www.w3.org/1999/xhtml" xml:lang="en" lang="en">
 <head>
  <title>
</title>
<meta http-equiv="Content-Type" content="text/html;charset=utf-8" />
  <meta name='ocr-system' content='tesseract 3.04.00' />
  <meta name='ocr-capabilities' content='ocr_page ocr_carea ocr_par ocr_line ocrx_word'/>
</head>
<body>
  <div class='ocr_page' id='page_1' title='image "./ioanniscantacuz02joangoog_0076.png"; bbox 0 0 2934 4700; ppageno 0'>
   <div class='ocr_carea' id='block_1_1' title="bbox 215 276 896 372">
    <p class='ocr_par' dir='ltr' id='par_1_1' title="bbox 215 276 896 372">
     <span class='ocr_line' id='line_1_1' title="bbox 215 276 896 372; baseline 0.015 -8"><span class='ocrx_word' id='word_1_1' title='bbox 215 276 273 364; x_wconf 78' lang='lat'><strong><em>62</em></strong></span> <span class='ocrx_word' id='word_1_2' title='bbox 614 300 896 372; x_wconf 74' lang='lat' dir='ltr'><strong>murtcuzuru</strong></span> 
     </span>
    </p>
   </div>
   <div class='ocr_carea' id='block_1_2' title="bbox 61 453 1344 2831">
    <p class='ocr_par' dir='ltr' id='par_1_2' title="bbox 61 453 1332 1545">
     <span class='ocr_line' id='line_1_2' title="bbox 61 453 1294 549; baseline 0.003 -25"><span class='ocrx_word' id='word_1_3' title='bbox 61 468 140 524; x_wconf 70' lang='lat' dir='ltr'><strong><em>’Mt</em></strong></span> <span class='ocrx_word' id='word_1_4' title='bbox 152 467 260 541; x_wconf 71' lang='grc' dir='ltr'><strong><em>ιδλιως</em></strong></span> <span class='ocrx_word' id='word_1_5' title='bbox 284 453 304 523; x_wconf 80' lang='grc' dir='ltr'><strong><em>δ</em></strong></span> <span class='ocrx_word' id='word_1_6' title='bbox 313 507 324 544; x_wconf 92' lang='grc'><strong><em>,</em></strong></span> <span class='ocrx_word' id='word_1_7' title='bbox 347 481 384 524; x_wconf 82' lang='grc' dir='ltr'><strong><em>τε</em></strong></span> <span class='ocrx_word' id='word_1_8' title='bbox 401 455 501 526; x_wconf 83' lang='grc' dir='ltr'><strong><em>πολλά</em></strong></span> <span class='ocrx_word' id='word_1_9' title='bbox 521 458 779 543; x_wconf 68' lang='grc' dir='ltr'><strong><em>ἐπαγγειλάμενος</em></strong></span> <span class='ocrx_word' id='word_1_10' title='bbox 800 464 856 527; x_wconf 87' lang='grc' dir='ltr'><strong><em>καί</em></strong></span> <span class='ocrx_word' id='word_1_11' title='bbox 868 459 886 527; x_wconf 87' lang='grc' dir='ltr'><strong><em>δ</em></strong></span> <span class='ocrx_word' id='word_1_12' title='bbox 898 464 1014 548; x_wconf 76' lang='grc' dir='ltr'><strong><em>μηδέν,</em></strong></span> <span class='ocrx_word' id='word_1_13' title='bbox 1038 465 1114 543; x_wconf 74' lang='grc' dir='ltr'><strong><em>περὶ</em></strong></span> <span class='ocrx_word' id='word_1_14' title='bbox 1123 464 1294 549; x_wconf 68' lang='grc' dir='ltr'><strong><em>τῶνδνιηγ·</em></strong></span> 
     </span>
     <span class='ocr_line' id='line_1_3' title="bbox 213 554 1294 650; baseline 0.001 -24"><span class='ocrx_word' id='word_1_15' title='bbox 213 560 370 648; x_wconf 85' lang='grc' dir='ltr'><strong><em>γελμένων</em></strong></span> <span class='ocrx_word' id='word_1_16' title='bbox 396 556 455 643; x_wconf 72' lang='grc' dir='ltr'><strong><em>την</em></strong></span> <span class='ocrx_word' id='word_1_17' title='bbox 483 556 679 643; x_wconf 69' lang='grc' dir='ltr'><em>ἐκπλήρωσιν</em></span> <span class='ocrx_word' id='word_1_18' title='bbox 703 558 931 627; x_wconf 76' lang='grc' dir='ltr'><strong><em>σπουδάσουσι.</em></strong></span> <span class='ocrx_word' id='word_1_19' title='bbox 981 561 1039 646; x_wconf 75' lang='grc' dir='ltr'><strong><em>τήν</em></strong></span> <span class='ocrx_word' id='word_1_20' title='bbox 1058 565 1117 644; x_wconf 80' lang='grc' dir='ltr'><strong><em>μέν</em></strong></span> <span class='ocrx_word' id='word_1_21' title='bbox 1137 554 1194 628; x_wconf 82' lang='grc' dir='ltr'><strong><em>σύν</em></strong></span> <span class='ocrx_word' id='word_1_22' title='bbox 1212 561 1294 650; x_wconf 85' lang='grc' dir='ltr'><strong><em>ύπη-</em></strong></span> 
     </span>
     <span class='ocr_line' id='line_1_4' title="bbox 207 655 1296 748; baseline 0.008 -29"><span class='ocrx_word' id='word_1_23' title='bbox 207 661 323 748; x_wconf 73' lang='grc' dir='ltr'><strong><em>,ρεσίαν</em></strong></span> <span class='ocrx_word' id='word_1_24' title='bbox 351 659 415 723; x_wconf 74' lang='grc' dir='ltr'><strong><em>τῶν</em></strong></span> <span class='ocrx_word' id='word_1_25' title='bbox 443 655 593 724; x_wconf 74' lang='grc' dir='ltr'><strong><em>τοιούτων</em></strong></span> <span class='ocrx_word' id='word_1_26' title='bbox 621 662 789 746; x_wconf 75' lang='grc' dir='ltr'><strong><em>ἐπιτρέπω.</em></strong></span> <span class='ocrx_word' id='word_1_27' title='bbox 844 664 881 726; x_wconf 80' lang='grc' dir='ltr'><strong><em>σὲ</em></strong></span> <span class='ocrx_word' id='word_1_28' title='bbox 909 662 945 725; x_wconf 80' lang='grc' dir='ltr'><strong><em>δέ</em></strong></span> <span class='ocrx_word' id='word_1_29' title='bbox 970 665 1027 726; x_wconf 83' lang='grc' dir='ltr'><strong><em>καί</em></strong></span> <span class='ocrx_word' id='word_1_30' title='bbox 1049 661 1148 727; x_wconf 84' lang='grc' dir='ltr'><strong><em>αδτδν</em></strong></span> <span class='ocrx_word' id='word_1_31' title='bbox 1169 660 1296 728; x_wconf 82' lang='grc' dir='ltr'><strong><em>οἴεσθαι</em></strong></span> 
     </span>
     <span class='ocr_line' id='line_1_5' title="bbox 213 752 1293 847; baseline 0.002 -23"><span class='ocrx_word' id='word_1_32' title='bbox 213 760 386 843; x_wconf 81' lang='grc' dir='ltr'><strong><em>προσῆκον,</em></strong></span> <span class='ocrx_word' id='word_1_33' title='bbox 408 754 453 843; x_wconf 80' lang='grc' dir='ltr'><strong><em>μη</em></strong></span> <span class='ocrx_word' id='word_1_34' title='bbox 471 755 570 843; x_wconf 88' lang='grc' dir='ltr'><strong><em>μικρά</em></strong></span> <span class='ocrx_word' id='word_1_35' title='bbox 588 780 658 823; x_wconf 90' lang='grc' dir='ltr'><strong><em>τινα</em></strong></span> <span class='ocrx_word' id='word_1_36' title='bbox 678 761 733 823; x_wconf 83' lang='grc' dir='ltr'><strong><em>καί</em></strong></span> <span class='ocrx_word' id='word_1_37' title='bbox 753 752 1014 846; x_wconf 81' lang='grc' dir='ltr'><strong><em>εύκαταφρόνητα</em></strong></span> <span class='ocrx_word' id='word_1_38' title='bbox 1034 764 1196 844; x_wconf 78' lang='grc' dir='ltr'><strong><em>μετιέναι,</em></strong></span> <span class='ocrx_word' id='word_1_39' title='bbox 1218 763 1293 847; x_wconf 87' lang='grc' dir='ltr'><strong><em>μηδ’</em></strong></span> 
     </span>
     <span class='ocr_line' id='line_1_6' title="bbox 213 851 1313 950; baseline 0.005 -26"><span class='ocrx_word' id='word_1_40' title='bbox 213 851 265 924; x_wconf 79' lang='grc' dir='ltr'><strong><em>οἶα</em></strong></span> <span class='ocrx_word' id='word_1_41' title='bbox 295 856 372 943; x_wconf 77' lang='grc' dir='ltr'><strong><em>μήτε</em></strong></span> <span class='ocrx_word' id='word_1_42' title='bbox 406 855 605 938; x_wconf 75' lang='grc' dir='ltr'><strong><em>διοικούμενα</em></strong></span> <span class='ocrx_word' id='word_1_43' title='bbox 628 862 748 941; x_wconf 74' lang='grc' dir='ltr'><strong><em>καλῶς,</em></strong></span> <span class='ocrx_word' id='word_1_44' title='bbox 769 858 886 943; x_wconf 70' lang='grc' dir='ltr'><strong><em>πολλὴν</em></strong></span> <span class='ocrx_word' id='word_1_45' title='bbox 906 857 1063 946; x_wconf 73' lang='grc' dir='ltr'><strong><em>ὠφέλειαν</em></strong></span> <span class='ocrx_word' id='word_1_46' title='bbox 1081 868 1233 945; x_wconf 79' lang='grc' dir='ltr'><strong><em>παρέχειν</em></strong></span> <span class='ocrx_word' id='word_1_47' title='bbox 1251 862 1313 950; x_wconf 72' lang='lat' dir='ltr'><strong>apid</strong></span> 
     </span>
     <span class='ocr_line' id='line_1_7' title="bbox 210 952 1294 1047; baseline 0.002 -24"><span class='ocrx_word' id='word_1_48' title='bbox 210 961 302 1046; x_wconf 73' lang='grc' dir='ltr'><strong><em>κοινῷ</em></strong></span> <span class='ocrx_word' id='word_1_49' title='bbox 313 1006 323 1042; x_wconf 97' lang='grc'><strong><em>,</em></strong></span> <span class='ocrx_word' id='word_1_50' title='bbox 354 952 430 1042; x_wconf 70' lang='grc' dir='ltr'><strong><em>μήτ’</em></strong></span> <span class='ocrx_word' id='word_1_51' title='bbox 457 954 568 1041; x_wconf 85' lang='grc' dir='ltr'><strong><em>έπίσης</em></strong></span> <span class='ocrx_word' id='word_1_52' title='bbox 595 954 764 1042; x_wconf 78' lang='grc' dir='ltr'><strong><em>βλάπτειν,</em></strong></span> <span class='ocrx_word' id='word_1_53' title='bbox 794 953 835 1024; x_wconf 72' lang='lat' dir='ltr'><strong><em>dv</em></strong></span> <span class='ocrx_word' id='word_1_54' title='bbox 863 955 1019 1047; x_wconf 75' lang='grc' dir='ltr'><strong><em>ῥᾳθύμως</em></strong></span> <span class='ocrx_word' id='word_1_55' title='bbox 1040 962 1094 1024; x_wconf 74' lang='grc' dir='ltr'><strong><em>κατ’</em></strong></span> <span class='ocrx_word' id='word_1_56' title='bbox 1112 956 1294 1044; x_wconf 72' lang='grc' dir='ltr'><strong><em>πανούργως</em></strong></span> 
     </span>
     <span class='ocr_line' id='line_1_8' title="bbox 209 1049 1293 1144; baseline 0.002 -22"><span class='ocrx_word' id='word_1_57' title='bbox 209 1057 421 1142; x_wconf 87' lang='grc' dir='ltr'><strong><em>πράττωνται.</em></strong></span> <span class='ocrx_word' id='word_1_58' title='bbox 470 1049 548 1138; x_wconf 79' lang='grc' dir='ltr'><strong><em>ὅπερ</em></strong></span> <span class='ocrx_word' id='word_1_59' title='bbox 577 1051 636 1141; x_wconf 88' lang='grc' dir='ltr'><strong><em>γάρ</em></strong></span> <span class='ocrx_word' id='word_1_60' title='bbox 672 1058 738 1121; x_wconf 78' lang='grc' dir='ltr'><strong><em>ἐστι</em></strong></span> <span class='ocrx_word' id='word_1_61' title='bbox 769 1066 834 1132; x_wconf 84' lang='grc' dir='ltr'><strong><em>τοῖς</em></strong></span> <span class='ocrx_word' id='word_1_62' title='bbox 862 1064 1032 1135; x_wconf 83' lang='grc' dir='ltr'><strong><em>πολιτικοῖς</em></strong></span> <span class='ocrx_word' id='word_1_63' title='bbox 1065 1056 1246 1144; x_wconf 76' lang='grc' dir='ltr'><strong><em>πράγμασιν</em></strong></span> <span class='ocrx_word' id='word_1_64' title='bbox 1274 1059 1293 1124; x_wconf 87' lang='grc' dir='ltr'><strong><em>δ</em></strong></span> 
     </span>
     <span class='ocr_line' id='line_1_9' title="bbox 209 1152 1293 1243; baseline 0.002 -22"><span class='ocrx_word' id='word_1_65' title='bbox 209 1156 336 1243; x_wconf 73' lang='grc' dir='ltr'><strong><em>κριτής,</em></strong></span> <span class='ocrx_word' id='word_1_66' title='bbox 365 1156 456 1220; x_wconf 82' lang='grc' dir='ltr'><strong><em>τούτο</em></strong></span> <span class='ocrx_word' id='word_1_67' title='bbox 478 1162 545 1229; x_wconf 79' lang='grc' dir='ltr'><strong><em>τοῖς</em></strong></span> <span class='ocrx_word' id='word_1_68' title='bbox 566 1157 727 1240; x_wconf 73' lang='grc' dir='ltr'><strong><em>δημοσίοις</em></strong></span> <span class='ocrx_word' id='word_1_69' title='bbox 747 1157 869 1221; x_wconf 56' lang='grc' dir='ltr'><strong><em>δύναιτ)</em></strong></span> <span class='ocrx_word' id='word_1_70' title='bbox 889 1152 960 1222; x_wconf 71' lang='lat' dir='ltr'><strong><em>dvi</em></strong></span> <span class='ocrx_word' id='word_1_71' title='bbox 979 1156 1137 1242; x_wconf 78' lang='grc' dir='ltr'><strong><em>ἔξισωτής.</em></strong></span> <span class='ocrx_word' id='word_1_72' title='bbox 1177 1160 1293 1237; x_wconf 75' lang='grc' dir='ltr'><strong><em>ἐκεῖνος</em></strong></span> 
     </span>
     <span class='ocr_line' id='line_1_10' title="bbox 208 1252 1293 1347; baseline 0.002 -26"><span class='ocrx_word' id='word_1_73' title='bbox 208 1279 244 1322; x_wconf 86' lang='grc' dir='ltr'><strong><em>τε</em></strong></span> <span class='ocrx_word' id='word_1_74' title='bbox 267 1252 328 1341; x_wconf 87' lang='grc' dir='ltr'><strong><em>γάρ</em></strong></span> <span class='ocrx_word' id='word_1_75' title='bbox 351 1252 501 1337; x_wconf 84' lang='grc' dir='ltr'><strong><em>εύνομίαν</em></strong></span> <span class='ocrx_word' id='word_1_76' title='bbox 520 1262 589 1330; x_wconf 81' lang='grc' dir='ltr'><strong><em>ταῖς</em></strong></span> <span class='ocrx_word' id='word_1_77' title='bbox 605 1252 714 1319; x_wconf 88' lang='grc' dir='ltr'><strong><em>πόλεσι</em></strong></span> <span class='ocrx_word' id='word_1_78' title='bbox 733 1255 985 1347; x_wconf 79' lang='grc' dir='ltr'><strong><em>παρασκευάζει,</em></strong></span> <span class='ocrx_word' id='word_1_79' title='bbox 1013 1257 1143 1332; x_wconf 87' lang='grc' dir='ltr'><strong><em>δικαίως</em></strong></span> <span class='ocrx_word' id='word_1_80' title='bbox 1162 1259 1293 1323; x_wconf 79' lang='grc' dir='ltr'><strong><em>διαιτῶν</em></strong></span> 
     </span>
     <span class='ocr_line' id='line_1_11' title="bbox 209 1347 1332 1438; baseline 0.003 -20"><span class='ocrx_word' id='word_1_81' title='bbox 209 1357 265 1420; x_wconf 89' lang='grc' dir='ltr'><strong><em>καί</em></strong></span> <span class='ocrx_word' id='word_1_82' title='bbox 283 1363 348 1431; x_wconf 81' lang='grc' dir='ltr'><strong><em>τοῖς</em></strong></span> <span class='ocrx_word' id='word_1_83' title='bbox 365 1353 471 1436; x_wconf 77' lang='grc' dir='ltr'><strong><em>νόμους</em></strong></span> <span class='ocrx_word' id='word_1_84' title='bbox 489 1357 659 1419; x_wconf 80' lang='grc' dir='ltr'><strong><em>πείθεσθαι</em></strong></span> <span class='ocrx_word' id='word_1_85' title='bbox 680 1352 929 1438; x_wconf 84' lang='grc' dir='ltr'><strong><em>καταναγκάζων,</em></strong></span> <span class='ocrx_word' id='word_1_86' title='bbox 950 1355 1006 1419; x_wconf 82' lang='grc' dir='ltr'><strong><em>καί</em></strong></span> <span class='ocrx_word' id='word_1_87' title='bbox 1024 1347 1134 1437; x_wconf 70' lang='grc' dir='ltr'><strong><em>οὗτος,</em></strong></span> <span class='ocrx_word' id='word_1_88' title='bbox 1162 1352 1201 1421; x_wconf 83' lang='grc' dir='ltr'><strong><em>άν</em></strong></span> <span class='ocrx_word' id='word_1_89' title='bbox 1220 1360 1332 1427; x_wconf 83' lang='grc' dir='ltr'><strong><em>έθέ-ιο</em></strong></span> 
     </span>
     <span class='ocr_line' id='line_1_12' title="bbox 212 1451 1293 1545; baseline 0.002 -25"><span class='ocrx_word' id='word_1_90' title='bbox 212 1461 251 1543; x_wconf 81' lang='grc' dir='ltr'><strong><em>λη</em></strong></span> <span class='ocrx_word' id='word_1_91' title='bbox 273 1453 314 1520; x_wconf 82' lang='grc' dir='ltr'><strong><em>τά</em></strong></span> <span class='ocrx_word' id='word_1_92' title='bbox 336 1454 444 1518; x_wconf 89' lang='grc' dir='ltr'><strong><em>δίκαια</em></strong></span> <span class='ocrx_word' id='word_1_93' title='bbox 463 1464 566 1518; x_wconf 69' lang='grc' dir='ltr'><strong><em>ποιεῖν</em></strong></span> <span class='ocrx_word' id='word_1_94' title='bbox 585 1451 641 1518; x_wconf 85' lang='grc' dir='ltr'><strong><em>καί</em></strong></span> <span class='ocrx_word' id='word_1_95' title='bbox 658 1453 699 1519; x_wconf 84' lang='grc' dir='ltr'><strong><em>τά</em></strong></span> <span class='ocrx_word' id='word_1_96' title='bbox 719 1457 939 1520; x_wconf 80' lang='grc' dir='ltr'><strong><em>λυσιτελοῦντα</em></strong></span> <span class='ocrx_word' id='word_1_97' title='bbox 959 1458 1003 1543; x_wconf 76' lang='grc' dir='ltr'><strong><em>τῷ</em></strong></span> <span class='ocrx_word' id='word_1_98' title='bbox 1022 1460 1131 1545; x_wconf 74' lang='grc' dir='ltr'><strong><em>κοινῷ,</em></strong></span> <span class='ocrx_word' id='word_1_99' title='bbox 1154 1460 1216 1521; x_wconf 77' lang='grc' dir='ltr'><strong><em>τῶν</em></strong></span> <span class='ocrx_word' id='word_1_100' title='bbox 1234 1460 1293 1538; x_wconf 79' lang='grc' dir='ltr'><strong><em>μὲν</em></strong></span> 
     </span>
    </p>

    <p class='ocr_par' dir='ltr' id='par_1_3' title="bbox 117 1546 1344 2237">
     <span class='ocr_line' id='line_1_13' title="bbox 117 1546 1344 1642; baseline 0 -28"><span class='ocrx_word' id='word_1_101' title='bbox 117 1553 441 1642; x_wconf 66' lang='grc' dir='ltr'><strong><em>Μηηάφαιρήσεται,</em></strong></span> <span class='ocrx_word' id='word_1_102' title='bbox 470 1546 510 1619; x_wconf 83' lang='grc' dir='ltr'><strong><em>άν</em></strong></span> <span class='ocrx_word' id='word_1_103' title='bbox 524 1555 618 1619; x_wconf 90' lang='grc' dir='ltr'><strong><em>πλέον</em></strong></span> <span class='ocrx_word' id='word_1_104' title='bbox 636 1557 817 1638; x_wconf 71' lang='grc' dir='ltr'><strong><em>καρπῶνται</em></strong></span> <span class='ocrx_word' id='word_1_105' title='bbox 834 1556 891 1618; x_wconf 81' lang='grc' dir='ltr'><strong><em>τοῦ</em></strong></span> <span class='ocrx_word' id='word_1_106' title='bbox 905 1555 1050 1637; x_wconf 87' lang='grc' dir='ltr'><strong><em>δικαίου,</em></strong></span> <span class='ocrx_word' id='word_1_107' title='bbox 1075 1562 1140 1629; x_wconf 79' lang='grc' dir='ltr'><strong><em>τοϊς</em></strong></span> <span class='ocrx_word' id='word_1_108' title='bbox 1152 1557 1189 1620; x_wconf 78' lang='grc' dir='ltr'><strong><em>δέ</em></strong></span> <span class='ocrx_word' id='word_1_109' title='bbox 1202 1552 1293 1621; x_wconf 75' lang='grc' dir='ltr'><strong><em>ἔλατ-</em></strong></span> <span class='ocrx_word' id='word_1_110' title='bbox 1338 1605 1344 1614; x_wconf 90' lang='grc'><strong><em>.</em></strong></span> 
     </span>
     <span class='ocr_line' id='line_1_14' title="bbox 205 1650 1293 1739; baseline -0.003 -18"><span class='ocrx_word' id='word_1_111' title='bbox 205 1677 259 1721; x_wconf 90' lang='grc' dir='ltr'><strong><em>τον</em></strong></span> <span class='ocrx_word' id='word_1_112' title='bbox 285 1650 398 1739; x_wconf 77' lang='grc' dir='ltr'><strong><em>ἔχουσι</em></strong></span> <span class='ocrx_word' id='word_1_113' title='bbox 425 1651 595 1738; x_wconf 83' lang='grc' dir='ltr'><strong><em>προσθείς,</em></strong></span> <span class='ocrx_word' id='word_1_114' title='bbox 618 1653 804 1738; x_wconf 79' lang='grc' dir='ltr'><strong><em>προθύμους</em></strong></span> <span class='ocrx_word' id='word_1_115' title='bbox 823 1652 903 1737; x_wconf 85' lang='grc' dir='ltr'><strong><em>πρύς</em></strong></span> <span class='ocrx_word' id='word_1_116' title='bbox 926 1652 984 1729; x_wconf 81' lang='grc' dir='ltr'><strong><em>τὰς</em></strong></span> <span class='ocrx_word' id='word_1_117' title='bbox 1002 1655 1169 1739; x_wconf 89' lang='grc' dir='ltr'><strong><em>στρατείας</em></strong></span> <span class='ocrx_word' id='word_1_118' title='bbox 1188 1679 1293 1738; x_wconf 89' lang='grc' dir='ltr'><strong><em>παρα-</em></strong></span> 
     </span>
     <span class='ocr_line' id='line_1_15' title="bbox 205 1747 1292 1839; baseline -0.003 -20"><span class='ocrx_word' id='word_1_119' title='bbox 205 1747 355 1819; x_wconf 87' lang='grc' dir='ltr'><strong><em>σκεύασει</em></strong></span> <span class='ocrx_word' id='word_1_120' title='bbox 387 1749 505 1828; x_wconf 87' lang='grc' dir='ltr'><strong><em>πάντας</em></strong></span> <span class='ocrx_word' id='word_1_121' title='bbox 530 1750 587 1817; x_wconf 80' lang='grc' dir='ltr'><strong><em>καί</em></strong></span> <span class='ocrx_word' id='word_1_122' title='bbox 607 1749 820 1839; x_wconf 82' lang='grc' dir='ltr'><strong><em>φυλάττοντας</em></strong></span> <span class='ocrx_word' id='word_1_123' title='bbox 837 1750 895 1839; x_wconf 77' lang='grc' dir='ltr'><strong><em>την</em></strong></span> <span class='ocrx_word' id='word_1_124' title='bbox 913 1751 1002 1830; x_wconf 86' lang='grc' dir='ltr'><strong><em>τάξιν</em></strong></span> <span class='ocrx_word' id='word_1_125' title='bbox 1015 1756 1071 1818; x_wconf 89' lang='grc' dir='ltr'><strong><em>καί</em></strong></span> <span class='ocrx_word' id='word_1_126' title='bbox 1087 1756 1292 1835; x_wconf 76' lang='grc' dir='ltr'><strong><em>πειθομένους</em></strong></span> 
     </span>
     <span class='ocr_line' id='line_1_16' title="bbox 205 1845 1331 1938; baseline 0.004 -20"><span class='ocrx_word' id='word_1_127' title='bbox 205 1845 320 1938; x_wconf 83' lang='grc' dir='ltr'><strong><em>άριστα</em></strong></span> <span class='ocrx_word' id='word_1_128' title='bbox 346 1858 412 1927; x_wconf 85' lang='grc' dir='ltr'><strong><em>τοῖς</em></strong></span> <span class='ocrx_word' id='word_1_129' title='bbox 443 1862 634 1938; x_wconf 82' lang='grc' dir='ltr'><strong><em>στρατηγοῖς.</em></strong></span> <span class='ocrx_word' id='word_1_130' title='bbox 684 1849 727 1928; x_wconf 77' lang='grc' dir='ltr'><strong><em>ὦς</em></strong></span> <span class='ocrx_word' id='word_1_131' title='bbox 757 1846 813 1918; x_wconf 85' lang='grc' dir='ltr'><strong><em>σύν</em></strong></span> <span class='ocrx_word' id='word_1_132' title='bbox 833 1851 956 1937; x_wconf 85' lang='grc' dir='ltr'><strong><em>μεγάλα</em></strong></span> <span class='ocrx_word' id='word_1_133' title='bbox 977 1857 1218 1934; x_wconf 86' lang='grc' dir='ltr'><strong><em>πεπιστευμένος</em></strong></span> <span class='ocrx_word' id='word_1_134' title='bbox 1237 1856 1292 1918; x_wconf 83' lang='grc' dir='ltr'><strong><em>καί</em></strong></span> <span class='ocrx_word' id='word_1_135' title='bbox 1296 1858 1331 1921; x_wconf 84' lang='grc' dir='ltr'><strong><em>ι5</em></strong></span> 
     </span>
     <span class='ocr_line' id='line_1_17' title="bbox 203 1946 1292 2039; baseline 0.002 -22"><span class='ocrx_word' id='word_1_136' title='bbox 203 1949 245 2017; x_wconf 84' lang='grc' dir='ltr'><strong><em>τά</em></strong></span> <span class='ocrx_word' id='word_1_137' title='bbox 265 1953 398 2036; x_wconf 81' lang='grc' dir='ltr'><strong><em>μέγιστα</em></strong></span> <span class='ocrx_word' id='word_1_138' title='bbox 418 1950 663 2035; x_wconf 73' lang='grc' dir='ltr'><strong><em>συμβαλλόμενα</em></strong></span> <span class='ocrx_word' id='word_1_139' title='bbox 683 1950 763 2039; x_wconf 85' lang='grc' dir='ltr'><strong><em>πρύς</em></strong></span> <span class='ocrx_word' id='word_1_140' title='bbox 781 1952 839 2037; x_wconf 77' lang='grc' dir='ltr'><strong><em>τὴν</em></strong></span> <span class='ocrx_word' id='word_1_141' title='bbox 858 1955 1011 2038; x_wconf 89' lang='grc' dir='ltr'><strong><em>διοίκησιν</em></strong></span> <span class='ocrx_word' id='word_1_142' title='bbox 1030 1953 1092 2018; x_wconf 75' lang='grc' dir='ltr'><strong><em>τῶν</em></strong></span> <span class='ocrx_word' id='word_1_143' title='bbox 1113 1946 1213 2035; x_wconf 85' lang='grc' dir='ltr'><strong><em>ὅλων,</em></strong></span> <span class='ocrx_word' id='word_1_144' title='bbox 1236 1947 1292 2019; x_wconf 84' lang='grc' dir='ltr'><strong><em>ού·-</em></strong></span> 
     </span>
     <span class='ocr_line' id='line_1_18' title="bbox 204 2048 1291 2138; baseline -0.002 -21"><span class='ocrx_word' id='word_1_145' title='bbox 204 2076 248 2117; x_wconf 91' lang='grc' dir='ltr'><strong><em>τω</em></strong></span> <span class='ocrx_word' id='word_1_146' title='bbox 274 2048 339 2137; x_wconf 72' lang='grc' dir='ltr'><strong><em>χρὴ</em></strong></span> <span class='ocrx_word' id='word_1_147' title='bbox 372 2054 431 2116; x_wconf 79' lang='grc' dir='ltr'><strong><em>καί</em></strong></span> <span class='ocrx_word' id='word_1_148' title='bbox 457 2056 628 2117; x_wconf 81' lang='grc' dir='ltr'><strong><em>πεπεῖσθαι</em></strong></span> <span class='ocrx_word' id='word_1_149' title='bbox 655 2056 710 2117; x_wconf 85' lang='grc' dir='ltr'><strong><em>καί</em></strong></span> <span class='ocrx_word' id='word_1_150' title='bbox 736 2053 958 2138; x_wconf 78' lang='grc' dir='ltr'><strong><em>προσήκουσαν</em></strong></span> <span class='ocrx_word' id='word_1_151' title='bbox 978 2049 1120 2136; x_wconf 74' lang='grc' dir='ltr'><strong><em>σπουδην</em></strong></span> <span class='ocrx_word' id='word_1_152' title='bbox 1142 2055 1197 2115; x_wconf 82' lang='grc' dir='ltr'><strong><em>καί</em></strong></span> <span class='ocrx_word' id='word_1_153' title='bbox 1214 2074 1291 2134; x_wconf 83' lang='grc' dir='ltr'><strong><em>προ-</em></strong></span> 
     </span>
     <span class='ocr_line' id='line_1_19' title="bbox 200 2150 1291 2237; baseline -0.003 -21"><span class='ocrx_word' id='word_1_154' title='bbox 200 2154 331 2233; x_wconf 64' lang='lat' dir='ltr'><strong>‘eunus‘</strong></span> <span class='ocrx_word' id='word_1_155' title='bbox 349 2151 587 2217; x_wconf 62' lang='lat' dir='ltr'><strong>irrorabuntur</strong></span> <span class='ocrx_word' id='word_1_156' title='bbox 606 2150 661 2216; x_wconf 78' lang='grc' dir='ltr'><strong><em>ἐπί</em></strong></span> <span class='ocrx_word' id='word_1_157' title='bbox 684 2160 750 2227; x_wconf 79' lang='grc' dir='ltr'><strong><em>τοῖς</em></strong></span> <span class='ocrx_word' id='word_1_158' title='bbox 764 2150 906 2237; x_wconf 77' lang='grc' dir='ltr'><strong><em>’ἔργαις.”</em></strong></span> <span class='ocrx_word' id='word_1_159' title='bbox 951 2153 1082 2216; x_wconf 76' lang='grc' dir='ltr'><strong><em>τοιαῦτα</em></strong></span> <span class='ocrx_word' id='word_1_160' title='bbox 1100 2153 1160 2232; x_wconf 82' lang='grc' dir='ltr'><strong><em>μὲν</em></strong></span> <span class='ocrx_word' id='word_1_161' title='bbox 1180 2151 1291 2234; x_wconf 75' lang='grc' dir='ltr'><strong><em>διῆλθε</em></strong></span> 
     </span>
    </p>

    <p class='ocr_par' dir='ltr' id='par_1_4' title="bbox 98 2243 1330 2831">
     <span class='ocr_line' id='line_1_20' title="bbox 176 2243 1290 2338; baseline -0.004 -22"><span class='ocrx_word' id='word_1_162' title='bbox 176 2248 285 2336; x_wconf 82' lang='grc' dir='ltr'><strong><em>Βπρύς</em></strong></span> <span class='ocrx_word' id='word_1_163' title='bbox 305 2243 417 2333; x_wconf 86' lang='grc' dir='ltr'><strong><em>αύτδν,</em></strong></span> <span class='ocrx_word' id='word_1_164' title='bbox 444 2245 614 2335; x_wconf 77' lang='grc' dir='ltr'><strong><em>άπσλογιλιν</em></strong></span> <span class='ocrx_word' id='word_1_165' title='bbox 633 2250 818 2334; x_wconf 87' lang='grc' dir='ltr'><strong><em>ποιούμενος</em></strong></span> <span class='ocrx_word' id='word_1_166' title='bbox 836 2254 886 2338; x_wconf 80' lang='grc' dir='ltr'><strong><em>ἐφ’</em></strong></span> <span class='ocrx_word' id='word_1_167' title='bbox 906 2245 952 2327; x_wconf 82' lang='grc' dir='ltr'><strong><em>οἷς</em></strong></span> <span class='ocrx_word' id='word_1_168' title='bbox 966 2251 1065 2335; x_wconf 76' lang='grc' dir='ltr'><strong><em>η’ξιλνυ.</em></strong></span> <span class='ocrx_word' id='word_1_169' title='bbox 1105 2248 1213 2314; x_wconf 84' lang='grc' dir='ltr'><strong><em>ἔπειτα</em></strong></span> <span class='ocrx_word' id='word_1_170' title='bbox 1226 2251 1290 2313; x_wconf 76' lang='grc' dir='ltr'><strong><em>τῶν</em></strong></span> 
     </span>
     <span class='ocr_line' id='line_1_21' title="bbox 202 2346 1330 2436; baseline -0.005 -21"><span class='ocrx_word' id='word_1_171' title='bbox 202 2349 378 2436; x_wconf 84' lang='grc' dir='ltr'><strong><em>χρημάτων</em></strong></span> <span class='ocrx_word' id='word_1_172' title='bbox 396 2349 589 2417; x_wconf 72' lang='grc' dir='ltr'><strong><em>ἐπυνθάνετο</em></strong></span> <span class='ocrx_word' id='word_1_173' title='bbox 610 2346 665 2418; x_wconf 84' lang='grc' dir='ltr'><strong><em>τύν</em></strong></span> <span class='ocrx_word' id='word_1_174' title='bbox 688 2350 829 2436; x_wconf 83' lang='grc' dir='ltr'><strong><em>άριθμύν</em></strong></span> <span class='ocrx_word' id='word_1_175' title='bbox 848 2346 959 2426; x_wconf 81' lang='grc' dir='ltr'><strong><em>ὁπόσος</em></strong></span> <span class='ocrx_word' id='word_1_176' title='bbox 979 2348 1037 2434; x_wconf 87' lang='grc' dir='ltr'><strong><em>εἴη.</em></strong></span> <span class='ocrx_word' id='word_1_177' title='bbox 1076 2352 1187 2415; x_wconf 76' lang='grc' dir='ltr'><strong><em>τοῦδέ</em></strong></span> <span class='ocrx_word' id='word_1_178' title='bbox 1208 2349 1330 2412; x_wconf 72' lang='lat' dir='ltr'><strong>dno-w</strong></span> 
     </span>
     <span class='ocr_line' id='line_1_22' title="bbox 202 2443 1289 2536; baseline -0.004 -22"><span class='ocrx_word' id='word_1_179' title='bbox 202 2453 408 2535; x_wconf 81' lang='grc' dir='ltr'><strong><em>κρινομένου,</em></strong></span> <span class='ocrx_word' id='word_1_180' title='bbox 437 2454 576 2536; x_wconf 81' lang='grc' dir='ltr'><strong><em>χρυσίου</em></strong></span> <span class='ocrx_word' id='word_1_181' title='bbox 604 2453 665 2532; x_wconf 85' lang='grc' dir='ltr'><strong><em>μὲν</em></strong></span> <span class='ocrx_word' id='word_1_182' title='bbox 693 2444 774 2514; x_wconf 81' lang='grc' dir='ltr'><strong><em>εἶναι</em></strong></span> <span class='ocrx_word' id='word_1_183' title='bbox 804 2447 966 2535; x_wconf 86' lang='grc' dir='ltr'><strong><em>μυριάδας</em></strong></span> <span class='ocrx_word' id='word_1_184' title='bbox 993 2451 1089 2532; x_wconf 84' lang='grc' dir='ltr'><strong><em>δέκα,</em></strong></span> <span class='ocrx_word' id='word_1_185' title='bbox 1110 2443 1226 2512; x_wconf 86' lang='grc' dir='ltr'><strong><em>ἔπιπλά</em></strong></span> <span class='ocrx_word' id='word_1_186' title='bbox 1255 2471 1289 2510; x_wconf 90' lang='grc' dir='ltr'><strong><em>τε</em></strong></span> 
     </span>
     <span class='ocr_line' id='line_1_23' title="bbox 203 2543 1288 2634; baseline -0.005 -20"><span class='ocrx_word' id='word_1_187' title='bbox 203 2551 260 2614; x_wconf 85' lang='grc' dir='ltr'><strong><em>καί</em></strong></span> <span class='ocrx_word' id='word_1_188' title='bbox 279 2545 386 2633; x_wconf 87' lang='grc' dir='ltr'><strong><em>σκεύη,</em></strong></span> <span class='ocrx_word' id='word_1_189' title='bbox 407 2550 443 2612; x_wconf 74' lang='lat' dir='ltr'><strong>dn</strong></span> <span class='ocrx_word' id='word_1_190' title='bbox 464 2548 592 2632; x_wconf 83' lang='grc' dir='ltr'><strong><em>χρυσού</em></strong></span> <span class='ocrx_word' id='word_1_191' title='bbox 610 2553 803 2632; x_wconf 80' lang='grc' dir='ltr'><strong><em>πεποιημένα</em></strong></span> <span class='ocrx_word' id='word_1_192' title='bbox 820 2551 874 2613; x_wconf 87' lang='grc' dir='ltr'><strong><em>καί</em></strong></span> <span class='ocrx_word' id='word_1_193' title='bbox 894 2543 1054 2634; x_wconf 82' lang='grc' dir='ltr'><strong><em>άργύρου,</em></strong></span> <span class='ocrx_word' id='word_1_194' title='bbox 1077 2550 1219 2631; x_wconf 75' lang='grc' dir='ltr'><strong><em>χρυσίων</em></strong></span> <span class='ocrx_word' id='word_1_195' title='bbox 1238 2567 1288 2610; x_wconf 85' lang='grc' dir='ltr'><strong><em>τε·</em></strong></span> 
     </span>
     <span class='ocr_line' id='line_1_24' title="bbox 204 2640 1288 2734; baseline -0.006 -22"><span class='ocrx_word' id='word_1_196' title='bbox 204 2646 444 2733; x_wconf 88' lang='grc' dir='ltr'><strong><em>τρακισμυρίων</em></strong></span> <span class='ocrx_word' id='word_1_197' title='bbox 466 2640 562 2731; x_wconf 78' lang='grc' dir='ltr'><strong><em>άξια,</em></strong></span> <span class='ocrx_word' id='word_1_198' title='bbox 594 2649 650 2710; x_wconf 86' lang='grc' dir='ltr'><strong><em>καί</em></strong></span> <span class='ocrx_word' id='word_1_199' title='bbox 676 2651 778 2712; x_wconf 87' lang='grc' dir='ltr'><strong><em>ταύτα</em></strong></span> <span class='ocrx_word' id='word_1_200' title='bbox 798 2649 940 2734; x_wconf 82' lang='grc' dir='ltr'><strong><em>φαμένου</em></strong></span> <span class='ocrx_word' id='word_1_201' title='bbox 961 2647 1064 2711; x_wconf 85' lang='grc' dir='ltr'><strong><em>πάντα</em></strong></span> <span class='ocrx_word' id='word_1_202' title='bbox 1084 2644 1192 2711; x_wconf 78' lang='grc' dir='ltr'><strong><em>τὰνῦν</em></strong></span> <span class='ocrx_word' id='word_1_203' title='bbox 1213 2643 1288 2727; x_wconf 81' lang='grc' dir='ltr'><strong><em>ἔχον</em></strong></span> 
     </span>
     <span class='ocr_line' id='line_1_25' title="bbox 98 2741 1285 2831; baseline -0.005 -18"><span class='ocrx_word' id='word_1_204' title='bbox 98 2741 334 2830; x_wconf 58' lang='lat' dir='ltr'><strong>mediaoffusae</strong></span> <span class='ocrx_word' id='word_1_205' title='bbox 354 2747 519 2813; x_wconf 67' lang='lat' dir='ltr'><strong>buldarium</strong></span> <span class='ocrx_word' id='word_1_206' title='bbox 537 2744 644 2831; x_wconf 77' lang='grc' dir='ltr'><strong><em>ἔχειν,</em></strong></span> <span class='ocrx_word' id='word_1_207' title='bbox 665 2748 728 2811; x_wconf 73' lang='grc' dir='ltr'><strong><em>τοῖν</em></strong></span> <span class='ocrx_word' id='word_1_208' title='bbox 750 2748 875 2812; x_wconf 76' lang='grc' dir='ltr'><strong><em>οἰκετῶν</em></strong></span> <span class='ocrx_word' id='word_1_209' title='bbox 894 2743 1186 2829; x_wconf 83' lang='grc' dir='ltr'><strong><em>μετακαλεσάμενός</em></strong></span> <span class='ocrx_word' id='word_1_210' title='bbox 1204 2767 1285 2822; x_wconf 87' lang='grc' dir='ltr'><strong><em>τινα,</em></strong></span> 
     </span>
    </p>
   </div>
   <div class='ocr_carea' id='block_1_3' title="bbox 199 2968 1288 4309">
    <p class='ocr_par' dir='ltr' id='par_1_5' title="bbox 199 2968 1288 4309">
     <span class='ocr_line' id='line_1_26' title="bbox 200 2968 1288 3043; baseline -0.006 -18"><span class='ocrx_word' id='word_1_211' title='bbox 200 2971 316 3041; x_wconf 82' lang='lat' dir='ltr'><strong>implere</strong></span> <span class='ocrx_word' id='word_1_212' title='bbox 335 2970 485 3023; x_wconf 85' lang='lat' dir='ltr'><strong>enituntur.</strong></span> <span class='ocrx_word' id='word_1_213' title='bbox 520 2971 597 3026; x_wconf 86' lang='lat' dir='ltr'><strong>Hane</strong></span> <span class='ocrx_word' id='word_1_214' title='bbox 620 2972 703 3043; x_wconf 80' lang='lat' dir='ltr'><strong>igitur</strong></span> <span class='ocrx_word' id='word_1_215' title='bbox 720 2971 890 3039; x_wconf 77' lang='lat' dir='ltr'><strong>prouinciam</strong></span> <span class='ocrx_word' id='word_1_216' title='bbox 912 2968 965 3022; x_wconf 87' lang='lat' dir='ltr'><strong>tibi</strong></span> <span class='ocrx_word' id='word_1_217' title='bbox 990 2970 1112 3041; x_wconf 79' lang='lat' dir='ltr'><strong>iniungo.</strong></span> <span class='ocrx_word' id='word_1_218' title='bbox 1148 2970 1189 3022; x_wconf 87' lang='lat' dir='ltr'><strong><em>Ta</em></strong></span> <span class='ocrx_word' id='word_1_219' title='bbox 1217 2985 1288 3040; x_wconf 91' lang='lat' dir='ltr'><strong>quo·</strong></span> 
     </span>
     <span class='ocr_line' id='line_1_27' title="bbox 200 3038 1287 3114; baseline -0.003 -19"><span class='ocrx_word' id='word_1_220' title='bbox 200 3060 256 3114; x_wconf 85' lang='lat' dir='ltr'><strong><em>que</em></strong></span> <span class='ocrx_word' id='word_1_221' title='bbox 274 3060 323 3112; x_wconf 89' lang='lat' dir='ltr'><strong><em>par</em></strong></span> <span class='ocrx_word' id='word_1_222' title='bbox 343 3049 385 3094; x_wconf 87' lang='lat' dir='ltr'><strong><em>est</em></strong></span> <span class='ocrx_word' id='word_1_223' title='bbox 402 3041 572 3107; x_wconf 80' lang='lat' dir='ltr'><strong>existimare,</strong></span> <span class='ocrx_word' id='word_1_224' title='bbox 599 3060 657 3095; x_wconf 88' lang='lat' dir='ltr'><strong><em>non</em></strong></span> <span class='ocrx_word' id='word_1_225' title='bbox 680 3057 762 3112; x_wconf 86' lang='lat' dir='ltr'><strong>parva</strong></span> <span class='ocrx_word' id='word_1_226' title='bbox 782 3042 915 3112; x_wconf 78' lang='lat' dir='ltr'>quaedam</span> <span class='ocrx_word' id='word_1_227' title='bbox 935 3048 963 3092; x_wconf 93' lang='lat' dir='ltr'><strong><em>et</em></strong></span> <span class='ocrx_word' id='word_1_228' title='bbox 981 3040 1161 3110; x_wconf 75' lang='lat' dir='ltr'><strong>despicabilia</strong></span> <span class='ocrx_word' id='word_1_229' title='bbox 1181 3038 1229 3092; x_wconf 89' lang='lat' dir='ltr'><strong><em>abs</em></strong></span> <span class='ocrx_word' id='word_1_230' title='bbox 1259 3048 1287 3092; x_wconf 91' lang='lat' dir='ltr'><strong><em>te</em></strong></span> 
     </span>
     <span class='ocr_line' id='line_1_28' title="bbox 200 3109 1286 3184; baseline -0.003 -20"><span class='ocrx_word' id='word_1_231' title='bbox 200 3113 313 3166; x_wconf 76' lang='lat' dir='ltr'><strong>mactari</strong></span> <span class='ocrx_word' id='word_1_232' title='bbox 332 3119 361 3164; x_wconf 92' lang='lat' dir='ltr'><strong><em>et</em></strong></span> <span class='ocrx_word' id='word_1_233' title='bbox 377 3129 447 3184; x_wconf 85' lang='lat' dir='ltr'><strong>quae</strong></span> <span class='ocrx_word' id='word_1_234' title='bbox 465 3128 529 3175; x_wconf 90' lang='lat' dir='ltr'><strong>nec,</strong></span> <span class='ocrx_word' id='word_1_235' title='bbox 556 3116 580 3166; x_wconf 88' lang='lat' dir='ltr'><strong>si</strong></span> <span class='ocrx_word' id='word_1_236' title='bbox 598 3113 684 3183; x_wconf 85' lang='lat' dir='ltr'><strong>probe</strong></span> <span class='ocrx_word' id='word_1_237' title='bbox 709 3122 850 3175; x_wconf 79' lang='lat' dir='ltr'>curentur,</span> <span class='ocrx_word' id='word_1_238' title='bbox 882 3113 1019 3163; x_wconf 87' lang='lat' dir='ltr'><strong>communi</strong></span> <span class='ocrx_word' id='word_1_239' title='bbox 1036 3111 1181 3163; x_wconf 76' lang='lat' dir='ltr'>admodum</span> <span class='ocrx_word' id='word_1_240' title='bbox 1200 3109 1286 3179; x_wconf 86' lang='lat' dir='ltr'><strong>pruli-</strong></span> 
     </span>
     <span class='ocr_line' id='line_1_29' title="bbox 201 3181 1287 3252; baseline -0.003 -16"><span class='ocrx_word' id='word_1_241' title='bbox 201 3183 290 3236; x_wconf 82' lang='lat' dir='ltr'><strong>eiant:</strong></span> <span class='ocrx_word' id='word_1_242' title='bbox 309 3197 434 3235; x_wconf 84' lang='lat' dir='ltr'><strong>necnon</strong></span> <span class='ocrx_word' id='word_1_243' title='bbox 452 3182 566 3252; x_wconf 83' lang='lat' dir='ltr'><strong>perinde</strong></span> <span class='ocrx_word' id='word_1_244' title='bbox 584 3191 716 3246; x_wconf 87' lang='lat' dir='ltr'><strong>noceant,</strong></span> <span class='ocrx_word' id='word_1_245' title='bbox 734 3184 758 3234; x_wconf 86' lang='lat' dir='ltr'><strong>ai</strong></span> <span class='ocrx_word' id='word_1_246' title='bbox 776 3184 895 3252; x_wconf 83' lang='lat' dir='ltr'><strong>segniter</strong></span> <span class='ocrx_word' id='word_1_247' title='bbox 912 3197 943 3232; x_wconf 90' lang='lat' dir='ltr'><strong><em>ac</em></strong></span> <span class='ocrx_word' id='word_1_248' title='bbox 963 3183 1092 3251; x_wconf 91' lang='lat' dir='ltr'><strong>nequiter</strong></span> <span class='ocrx_word' id='word_1_249' title='bbox 1110 3184 1184 3233; x_wconf 73' lang='lat' dir='ltr'><strong>liant</strong></span> <span class='ocrx_word' id='word_1_250' title='bbox 1203 3181 1287 3250; x_wconf 84' lang='lat' dir='ltr'><strong>Quod</strong></span> 
     </span>
     <span class='ocr_line' id='line_1_30' title="bbox 199 3252 1286 3324; baseline -0.001 -20"><span class='ocrx_word' id='word_1_251' title='bbox 199 3263 319 3324; x_wconf 77' lang='lat' dir='ltr'><strong>namque</strong></span> <span class='ocrx_word' id='word_1_252' title='bbox 337 3255 366 3304; x_wconf 88' lang='lat' dir='ltr'><strong><em>in</em></strong></span> <span class='ocrx_word' id='word_1_253' title='bbox 385 3267 414 3302; x_wconf 91' lang='lat' dir='ltr'><strong><em>re</em></strong></span> <span class='ocrx_word' id='word_1_254' title='bbox 438 3253 551 3320; x_wconf 80' lang='lat' dir='ltr'><strong>politica</strong></span> <span class='ocrx_word' id='word_1_255' title='bbox 573 3254 672 3314; x_wconf 85' lang='lat' dir='ltr'><strong>iudex,</strong></span> <span class='ocrx_word' id='word_1_256' title='bbox 700 3253 753 3304; x_wconf 85' lang='lat' dir='ltr'><strong><em>hoe</em></strong></span> <span class='ocrx_word' id='word_1_257' title='bbox 778 3254 807 3306; x_wconf 88' lang='lat' dir='ltr'><strong><em>in</em></strong></span> <span class='ocrx_word' id='word_1_258' title='bbox 836 3252 954 3322; x_wconf 76' lang='lat' dir='ltr'><strong>publicis</strong></span> <span class='ocrx_word' id='word_1_259' title='bbox 980 3252 1126 3321; x_wconf 88' lang='lat' dir='ltr'><strong>stipendiis</strong></span> <span class='ocrx_word' id='word_1_260' title='bbox 1149 3260 1286 3320; x_wconf 76' lang='lat' dir='ltr'><strong>praestare</strong></span> 
     </span>
     <span class='ocr_line' id='line_1_31' title="bbox 199 3321 1287 3393; baseline -0.002 -18"><span class='ocrx_word' id='word_1_261' title='bbox 199 3324 290 3393; x_wconf 84' lang='lat' dir='ltr'><strong>possit</strong></span> <span class='ocrx_word' id='word_1_262' title='bbox 307 3331 481 3392; x_wconf 84' lang='lat' dir='ltr'><strong>exaequatur.</strong></span> <span class='ocrx_word' id='word_1_263' title='bbox 519 3324 627 3376; x_wconf 85' lang='lat' dir='ltr'><strong>Etenim</strong></span> <span class='ocrx_word' id='word_1_264' title='bbox 653 3332 681 3377; x_wconf 88' lang='lat' dir='ltr'><strong><em>et</em></strong></span> <span class='ocrx_word' id='word_1_265' title='bbox 706 3324 754 3375; x_wconf 92' lang='lat' dir='ltr'><strong>ille</strong></span> <span class='ocrx_word' id='word_1_266' title='bbox 779 3340 812 3375; x_wconf 81' lang='lat' dir='ltr'><strong><em>ex</em></strong></span> <span class='ocrx_word' id='word_1_267' title='bbox 835 3324 974 3392; x_wconf 88' lang='lat' dir='ltr'><strong>aequitate</strong></span> <span class='ocrx_word' id='word_1_268' title='bbox 1001 3321 1123 3374; x_wconf 87' lang='lat' dir='ltr'><strong>arbitriis</strong></span> <span class='ocrx_word' id='word_1_269' title='bbox 1154 3321 1287 3373; x_wconf 81' lang='lat' dir='ltr'><strong>iaciendis</strong></span> 
     </span>
     <span class='ocr_line' id='line_1_32' title="bbox 201 3392 1286 3463; baseline -0.003 -18"><span class='ocrx_word' id='word_1_270' title='bbox 201 3399 232 3445; x_wconf 92' lang='lat' dir='ltr'><strong><em>et</em></strong></span> <span class='ocrx_word' id='word_1_271' title='bbox 251 3392 285 3445; x_wconf 88' lang='lat' dir='ltr'><strong><em>ad</em></strong></span> <span class='ocrx_word' id='word_1_272' title='bbox 304 3394 393 3463; x_wconf 79' lang='lat' dir='ltr'><strong>legum</strong></span> <span class='ocrx_word' id='word_1_273' title='bbox 412 3392 598 3445; x_wconf 77' lang='lat' dir='ltr'><strong>obedientiam</strong></span> <span class='ocrx_word' id='word_1_274' title='bbox 619 3394 751 3462; x_wconf 85' lang='lat' dir='ltr'><strong>eugendo,</strong></span> <span class='ocrx_word' id='word_1_275' title='bbox 769 3392 871 3445; x_wconf 90' lang='lat' dir='ltr'><strong>bonum</strong></span> <span class='ocrx_word' id='word_1_276' title='bbox 890 3393 1009 3445; x_wconf 83' lang='lat' dir='ltr'><strong>civitatis</strong></span> <span class='ocrx_word' id='word_1_277' title='bbox 1030 3401 1129 3444; x_wconf 90' lang='lat' dir='ltr'><strong>statum</strong></span> <span class='ocrx_word' id='word_1_278' title='bbox 1146 3392 1286 3454; x_wconf 87' lang='lat' dir='ltr'><strong>conciliat,</strong></span> 
     </span>
     <span class='ocr_line' id='line_1_33' title="bbox 202 3461 1285 3534; baseline -0.001 -21"><span class='ocrx_word' id='word_1_279' title='bbox 202 3469 232 3515; x_wconf 86' lang='lat' dir='ltr'><strong><em>et</em></strong></span> <span class='ocrx_word' id='word_1_280' title='bbox 248 3462 310 3526; x_wconf 90' lang='lat' dir='ltr'><strong>hie,</strong></span> <span class='ocrx_word' id='word_1_281' title='bbox 324 3466 349 3513; x_wconf 89' lang='lat' dir='ltr'><strong>si</strong></span> <span class='ocrx_word' id='word_1_282' title='bbox 368 3463 455 3515; x_wconf 90' lang='lat' dir='ltr'><strong>iustus</strong></span> <span class='ocrx_word' id='word_1_283' title='bbox 475 3479 532 3516; x_wconf 87' lang='lat' dir='ltr'><strong>ease</strong></span> <span class='ocrx_word' id='word_1_284' title='bbox 551 3467 743 3534; x_wconf 86' lang='lat' dir='ltr'><strong>communique</strong></span> <span class='ocrx_word' id='word_1_285' title='bbox 763 3465 933 3516; x_wconf 81' lang='lat' dir='ltr'><strong>commodare</strong></span> <span class='ocrx_word' id='word_1_286' title='bbox 950 3464 1036 3528; x_wconf 83' lang='lat' dir='ltr'><strong>velit,</strong></span> <span class='ocrx_word' id='word_1_287' title='bbox 1054 3464 1122 3515; x_wconf 87' lang='lat' dir='ltr'><strong>alius</strong></span> <span class='ocrx_word' id='word_1_288' title='bbox 1143 3461 1285 3532; x_wconf 70' lang='lat' dir='ltr'><strong>spoliabit,</strong></span> 
     </span>
     <span class='ocr_line' id='line_1_34' title="bbox 199 3531 1286 3604; baseline -0.001 -21"><span class='ocrx_word' id='word_1_289' title='bbox 199 3532 227 3583; x_wconf 83' lang='lat' dir='ltr'><strong><em>&#39;sl</em></strong></span> <span class='ocrx_word' id='word_1_290' title='bbox 245 3532 318 3584; x_wconf 90' lang='lat' dir='ltr'><strong>ultra</strong></span> <span class='ocrx_word' id='word_1_291' title='bbox 336 3531 439 3584; x_wconf 86' lang='lat' dir='ltr'><strong>iustum</strong></span> <span class='ocrx_word' id='word_1_292' title='bbox 456 3532 560 3586; x_wconf 82' lang='lat' dir='ltr'><strong>fruetus</strong></span> <span class='ocrx_word' id='word_1_293' title='bbox 578 3537 750 3604; x_wconf 83' lang='lat' dir='ltr'><strong>percipiant,</strong></span> <span class='ocrx_word' id='word_1_294' title='bbox 773 3535 835 3587; x_wconf 89' lang='lat' dir='ltr'><strong>aliis</strong></span> <span class='ocrx_word' id='word_1_295' title='bbox 861 3536 950 3585; x_wconf 86' lang='lat' dir='ltr'><strong>minus</strong></span> <span class='ocrx_word' id='word_1_296' title='bbox 967 3534 1135 3586; x_wconf 81' lang='lat' dir='ltr'><strong>habentibus</strong></span> <span class='ocrx_word' id='word_1_297' title='bbox 1154 3534 1215 3601; x_wconf 89' lang='lat' dir='ltr'><strong>plus</strong></span> <span class='ocrx_word' id='word_1_298' title='bbox 1232 3531 1286 3582; x_wconf 89' lang='lat' dir='ltr'><strong><em>ad-</em></strong></span> 
     </span>
     <span class='ocr_line' id='line_1_35' title="bbox 202 3602 1287 3673; baseline 0 -18"><span class='ocrx_word' id='word_1_299' title='bbox 202 3602 266 3664; x_wconf 87' lang='lat' dir='ltr'><strong>det,</strong></span> <span class='ocrx_word' id='word_1_300' title='bbox 282 3618 431 3673; x_wconf 85' lang='lat' dir='ltr'><strong>omneaque</strong></span> <span class='ocrx_word' id='word_1_301' title='bbox 455 3603 490 3654; x_wconf 79' lang='lat' dir='ltr'><strong><em>ad</em></strong></span> <span class='ocrx_word' id='word_1_302' title='bbox 512 3604 686 3659; x_wconf 85' lang='lat' dir='ltr'><strong>militandum</strong></span> <span class='ocrx_word' id='word_1_303' title='bbox 702 3621 778 3673; x_wconf 89' lang='lat' dir='ltr'><strong>prom</strong></span> <span class='ocrx_word' id='word_1_304' title='bbox 801 3611 889 3657; x_wconf 86' lang='lat' dir='ltr'><strong>toret</strong></span> <span class='ocrx_word' id='word_1_305' title='bbox 914 3603 1041 3656; x_wconf 87' lang='lat' dir='ltr'><strong>ordinum</strong></span> <span class='ocrx_word' id='word_1_306' title='bbox 1064 3603 1237 3654; x_wconf 76' lang='lat' dir='ltr'><strong>observantes</strong></span> <span class='ocrx_word' id='word_1_307' title='bbox 1257 3607 1287 3655; x_wconf 85' lang='lat' dir='ltr'><strong><em>et</em></strong></span> 
     </span>
     <span class='ocr_line' id='line_1_36' title="bbox 203 3621 1286 3745; baseline -0.001 -20"><span class='ocrx_word' id='word_1_308' title='bbox 203 3671 320 3725; x_wconf 87' lang='lat' dir='ltr'><strong>ducibus</strong></span> <span class='ocrx_word' id='word_1_309' title='bbox 338 3673 600 3745; x_wconf 81' lang='lat' dir='ltr'><strong>obsequentissimus</strong></span> <span class='ocrx_word' id='word_1_310' title='bbox 619 3675 724 3728; x_wconf 87' lang='lat' dir='ltr'><strong>reddet.</strong></span> <span class='ocrx_word' id='word_1_311' title='bbox 768 3621 842 3745; x_wconf 53' lang='lat' dir='ltr'><strong>&lt;guia</strong></span> <span class='ocrx_word' id='word_1_312' title='bbox 860 3677 944 3742; x_wconf 80' lang='lat' dir='ltr'><strong>igitur</strong></span> <span class='ocrx_word' id='word_1_313' title='bbox 960 3690 1116 3744; x_wconf 84' lang='lat' dir='ltr'><strong>magnarum</strong></span> <span class='ocrx_word' id='word_1_314' title='bbox 1134 3682 1163 3727; x_wconf 85' lang='lat' dir='ltr'><strong><em>et</em></strong></span> <span class='ocrx_word' id='word_1_315' title='bbox 1178 3672 1214 3725; x_wconf 84' lang='lat' dir='ltr'><strong><em>ad</em></strong></span> <span class='ocrx_word' id='word_1_316' title='bbox 1233 3691 1286 3743; x_wconf 81' lang='lat' dir='ltr'><strong>gu·</strong></span> 
     </span>
     <span class='ocr_line' id='line_1_37' title="bbox 202 3742 1285 3815; baseline -0.002 -19"><span class='ocrx_word' id='word_1_317' title='bbox 202 3742 393 3796; x_wconf 85' lang='lat' dir='ltr'><strong>bematiunem</strong></span> <span class='ocrx_word' id='word_1_318' title='bbox 412 3761 532 3798; x_wconf 88' lang='lat' dir='ltr'><strong>summae</strong></span> <span class='ocrx_word' id='word_1_319' title='bbox 554 3745 595 3799; x_wconf 89' lang='lat' dir='ltr'><strong><em>rei</em></strong></span> <span class='ocrx_word' id='word_1_320' title='bbox 614 3745 743 3815; x_wconf 88' lang='lat' dir='ltr'><strong>publicae</strong></span> <span class='ocrx_word' id='word_1_321' title='bbox 762 3747 968 3798; x_wconf 80' lang='lat' dir='ltr'><strong>utilissimarum</strong></span> <span class='ocrx_word' id='word_1_322' title='bbox 991 3761 1081 3798; x_wconf 86' lang='lat' dir='ltr'><strong>rerum</strong></span> <span class='ocrx_word' id='word_1_323' title='bbox 1101 3744 1157 3798; x_wconf 88' lang='lat' dir='ltr'><strong>tibi</strong></span> <span class='ocrx_word' id='word_1_324' title='bbox 1180 3743 1285 3794; x_wconf 88' lang='lat' dir='ltr'><strong>credita</strong></span> 
     </span>
     <span class='ocr_line' id='line_1_38' title="bbox 202 3814 1284 3874; baseline 0 -10"><span class='ocrx_word' id='word_1_325' title='bbox 202 3827 268 3865; x_wconf 84' lang='lat' dir='ltr'><strong>eura</strong></span> <span class='ocrx_word' id='word_1_326' title='bbox 287 3821 342 3874; x_wconf 87' lang='lat' dir='ltr'><strong>ert,</strong></span> <span class='ocrx_word' id='word_1_327' title='bbox 361 3821 389 3867; x_wconf 91' lang='lat' dir='ltr'><strong><em>te</em></strong></span> <span class='ocrx_word' id='word_1_328' title='bbox 408 3814 438 3867; x_wconf 91' lang='lat' dir='ltr'><strong>id</strong></span> <span class='ocrx_word' id='word_1_329' title='bbox 455 3816 557 3869; x_wconf 88' lang='lat' dir='ltr'><strong>sentire</strong></span> <span class='ocrx_word' id='word_1_330' title='bbox 575 3822 603 3867; x_wconf 87' lang='lat' dir='ltr'><strong><em>et</em></strong></span> <span class='ocrx_word' id='word_1_331' title='bbox 620 3816 649 3868; x_wconf 89' lang='lat' dir='ltr'><strong><em>in</em></strong></span> <span class='ocrx_word' id='word_1_332' title='bbox 668 3832 684 3866; x_wconf 94' lang='lat' dir='ltr'><strong>u</strong></span> <span class='ocrx_word' id='word_1_333' title='bbox 706 3831 751 3869; x_wconf 88' lang='lat' dir='ltr'><strong><em>ere</em></strong></span> <span class='ocrx_word' id='word_1_334' title='bbox 768 3816 933 3869; x_wconf 80' lang='lat' dir='ltr'><strong>conveniens</strong></span> <span class='ocrx_word' id='word_1_335' title='bbox 956 3816 1077 3869; x_wconf 84' lang='lat' dir='ltr'><strong>studium</strong></span> <span class='ocrx_word' id='word_1_336' title='bbox 1101 3815 1284 3866; x_wconf 80' lang='lat' dir='ltr'><strong>alacritatem-</strong></span> 
     </span>
     <span class='ocr_line' id='line_1_39' title="bbox 202 3882 1284 3958; baseline -0.002 -24"><span class='ocrx_word' id='word_1_337' title='bbox 202 3899 259 3955; x_wconf 87' lang='lat' dir='ltr'><strong>que</strong></span> <span class='ocrx_word' id='word_1_338' title='bbox 276 3883 409 3937; x_wconf 82' lang='lat' dir='ltr'><strong>adlsibere</strong></span> <span class='ocrx_word' id='word_1_339' title='bbox 426 3894 542 3954; x_wconf 78' lang='lat' dir='ltr'><strong>oportet</strong></span> <span class='ocrx_word' id='word_1_340' title='bbox 577 3886 668 3958; x_wconf 79' lang='lat' dir='ltr'><strong>Atque</strong></span> <span class='ocrx_word' id='word_1_341' title='bbox 710 3902 759 3940; x_wconf 87' lang='lat' dir='ltr'><strong><em>aee</em></strong></span> <span class='ocrx_word' id='word_1_342' title='bbox 780 3887 892 3958; x_wconf 88' lang='lat' dir='ltr'><strong>quidem</strong></span> <span class='ocrx_word' id='word_1_343' title='bbox 910 3885 946 3935; x_wconf 87' lang='lat' dir='ltr'><strong><em>ad</em></strong></span> <span class='ocrx_word' id='word_1_344' title='bbox 968 3887 1027 3938; x_wconf 85' lang='lat' dir='ltr'><strong>eius</strong></span> <span class='ocrx_word' id='word_1_345' title='bbox 1044 3884 1207 3956; x_wconf 88' lang='lat' dir='ltr'><strong>petitionem</strong></span> <span class='ocrx_word' id='word_1_346' title='bbox 1224 3882 1284 3934; x_wconf 88' lang='lat' dir='ltr'><strong>dis-</strong></span> 
     </span>
     <span class='ocr_line' id='line_1_40' title="bbox 201 3953 1282 4030; baseline -0.003 -25"><span class='ocrx_word' id='word_1_347' title='bbox 201 3954 343 4006; x_wconf 73' lang='lat' dir='ltr'><strong>seraitae</strong></span> <span class='ocrx_word' id='word_1_348' title='bbox 366 3956 520 4026; x_wconf 88' lang='lat' dir='ltr'><strong>respondit:</strong></span> <span class='ocrx_word' id='word_1_349' title='bbox 545 3964 627 4027; x_wconf 89' lang='lat' dir='ltr'><strong>post,</strong></span> <span class='ocrx_word' id='word_1_350' title='bbox 652 3965 785 4030; x_wconf 88' lang='lat' dir='ltr'><strong>quantum</strong></span> <span class='ocrx_word' id='word_1_351' title='bbox 803 3965 875 4010; x_wconf 88' lang='lat' dir='ltr'><strong>esset</strong></span> <span class='ocrx_word' id='word_1_352' title='bbox 892 3957 1040 4025; x_wconf 79' lang='lat' dir='ltr'><strong>pecuniae,</strong></span> <span class='ocrx_word' id='word_1_353' title='bbox 1064 3955 1209 4026; x_wconf 83' lang='lat' dir='ltr'><strong>quaesivit.</strong></span> <span class='ocrx_word' id='word_1_354' title='bbox 1242 3953 1282 4004; x_wconf 87' lang='lat' dir='ltr'><strong><em>Eo</em></strong></span> 
     </span>
     <span class='ocr_line' id='line_1_41' title="bbox 201 4024 1284 4096; baseline -0.001 -20"><span class='ocrx_word' id='word_1_355' title='bbox 201 4024 403 4096; x_wconf 85' lang='lat' dir='ltr'><strong>respondente,</strong></span> <span class='ocrx_word' id='word_1_356' title='bbox 434 4041 577 4079; x_wconf 88' lang='lat' dir='ltr'><strong>aureorum</strong></span> <span class='ocrx_word' id='word_1_357' title='bbox 597 4037 707 4081; x_wconf 87' lang='lat' dir='ltr'><strong>eentum</strong></span> <span class='ocrx_word' id='word_1_358' title='bbox 729 4028 831 4089; x_wconf 89' lang='lat' dir='ltr'><strong>millia,</strong></span> <span class='ocrx_word' id='word_1_359' title='bbox 859 4026 1058 4095; x_wconf 86' lang='lat' dir='ltr'><strong>supellectilem</strong></span> <span class='ocrx_word' id='word_1_360' title='bbox 1083 4042 1146 4078; x_wconf 85' lang='lat' dir='ltr'><strong>vero</strong></span> <span class='ocrx_word' id='word_1_361' title='bbox 1169 4030 1198 4078; x_wconf 82' lang='lat' dir='ltr'><strong><em>et</em></strong></span> <span class='ocrx_word' id='word_1_362' title='bbox 1219 4036 1284 4073; x_wconf 80' lang='lat' dir='ltr'><strong>vasa</strong></span> 
     </span>
     <span class='ocr_line' id='line_1_42' title="bbox 201 4092 1284 4168; baseline -0.005 -19"><span class='ocrx_word' id='word_1_363' title='bbox 201 4111 237 4149; x_wconf 83' lang='lat' dir='ltr'><strong><em>ex</em></strong></span> <span class='ocrx_word' id='word_1_364' title='bbox 253 4112 320 4148; x_wconf 89' lang='lat' dir='ltr'><strong>auro</strong></span> <span class='ocrx_word' id='word_1_365' title='bbox 342 4103 511 4167; x_wconf 75' lang='lat' dir='ltr'><strong>argentoque</strong></span> <span class='ocrx_word' id='word_1_366' title='bbox 529 4098 708 4168; x_wconf 78' lang='lat' dir='ltr'><strong>quadraginta</strong></span> <span class='ocrx_word' id='word_1_367' title='bbox 726 4097 850 4148; x_wconf 88' lang='lat' dir='ltr'><strong>millibus</strong></span> <span class='ocrx_word' id='word_1_368' title='bbox 868 4097 1027 4158; x_wconf 85' lang='lat' dir='ltr'><strong>aestimata,</strong></span> <span class='ocrx_word' id='word_1_369' title='bbox 1057 4111 1128 4164; x_wconf 90' lang='lat' dir='ltr'><strong>quae</strong></span> <span class='ocrx_word' id='word_1_370' title='bbox 1146 4092 1235 4147; x_wconf 90' lang='lat' dir='ltr'><strong>omnia</strong></span> <span class='ocrx_word' id='word_1_371' title='bbox 1253 4092 1284 4144; x_wconf 86' lang='lat' dir='ltr'><strong><em>in</em></strong></span> 
     </span>
     <span class='ocr_line' id='line_1_43' title="bbox 200 4162 1284 4240; baseline -0.004 -24"><span class='ocrx_word' id='word_1_372' title='bbox 200 4180 331 4235; x_wconf 83' lang='lat' dir='ltr'><strong>praeseus</strong></span> <span class='ocrx_word' id='word_1_373' title='bbox 353 4166 454 4221; x_wconf 89' lang='lat' dir='ltr'><strong>donare</strong></span> <span class='ocrx_word' id='word_1_374' title='bbox 472 4175 582 4235; x_wconf 84' lang='lat' dir='ltr'><strong>paratus</strong></span> <span class='ocrx_word' id='word_1_375' title='bbox 600 4169 653 4233; x_wconf 87' lang='lat' dir='ltr'><strong>sit,</strong></span> <span class='ocrx_word' id='word_1_376' title='bbox 673 4167 793 4240; x_wconf 88' lang='lat' dir='ltr'><strong>quodam</strong></span> <span class='ocrx_word' id='word_1_377' title='bbox 810 4166 973 4218; x_wconf 82' lang='lat' dir='ltr'><strong>famulorum</strong></span> <span class='ocrx_word' id='word_1_378' title='bbox 991 4165 1092 4228; x_wconf 78' lang='lat' dir='ltr'><strong>accitu,</strong></span> <span class='ocrx_word' id='word_1_379' title='bbox 1118 4164 1165 4215; x_wconf 83' lang='lat' dir='ltr'><strong>abi</strong></span> <span class='ocrx_word' id='word_1_380' title='bbox 1183 4162 1284 4233; x_wconf 84' lang='lat' dir='ltr'><strong>igitur,</strong></span> 
     </span>
     <span class='ocr_line' id='line_1_44' title="bbox 199 4235 1285 4309; baseline 0 -21"><span class='ocrx_word' id='word_1_381' title='bbox 199 4237 313 4309; x_wconf 85' lang='lat' dir='ltr'><strong>inquit,</strong></span> <span class='ocrx_word' id='word_1_382' title='bbox 330 4245 360 4292; x_wconf 90' lang='lat' dir='ltr'><strong><em>et</em></strong></span> <span class='ocrx_word' id='word_1_383' title='bbox 375 4235 442 4292; x_wconf 81' lang='lat' dir='ltr'><strong>buia</strong></span> <span class='ocrx_word' id='word_1_384' title='bbox 459 4237 495 4291; x_wconf 84' lang='lat' dir='ltr'><strong><em>da</em></strong></span> <span class='ocrx_word' id='word_1_385' title='bbox 512 4236 622 4293; x_wconf 81' lang='lat' dir='ltr'><strong>isthaeu</strong></span> <span class='ocrx_word' id='word_1_386' title='bbox 659 4237 717 4309; x_wconf 85' lang='lat' dir='ltr'><strong><em>Qui</em></strong></span> <span class='ocrx_word' id='word_1_387' title='bbox 737 4253 799 4291; x_wconf 81' lang='lat' dir='ltr'><strong><em>eum</em></strong></span> <span class='ocrx_word' id='word_1_388' title='bbox 823 4237 883 4293; x_wconf 87' lang='lat' dir='ltr'><strong>sine</strong></span> <span class='ocrx_word' id='word_1_389' title='bbox 899 4251 976 4291; x_wconf 85' lang='lat' dir='ltr'><strong>mura</strong></span> <span class='ocrx_word' id='word_1_390' title='bbox 993 4235 1096 4302; x_wconf 82' lang='lat' dir='ltr'><strong>abiret,</strong></span> <span class='ocrx_word' id='word_1_391' title='bbox 1121 4237 1194 4289; x_wconf 85' lang='lat' dir='ltr'><strong>iussa</strong></span> <span class='ocrx_word' id='word_1_392' title='bbox 1217 4249 1285 4288; x_wconf 80' lang='lat' dir='ltr'><strong>oon·</strong></span> 
     </span>
    </p>
   </div>
   <div class='ocr_carea' id='block_1_4' title="bbox 0 0 1472 4700">
    <p class='ocr_par' dir='ltr' id='par_1_6' title="bbox 0 0 1472 4700">
     <span class='ocr_line' id='line_1_45' title="bbox 0 0 1472 4700; baseline 0 0"><span class='ocrx_word' id='word_1_393' title='bbox 0 0 1472 4700; x_wconf 95' lang='lat' dir='ltr'><strong><em> </em></strong></span> 
     </span>
    </p>
   </div>
  </div>
 </body>
</html>
