2934 4700
219 270 278 376 48
612 300 896 370 muraenam

76 463 139 521 Mt
151 456 430 538 ιληιμεταβιιλελν,
450 444 471 517 ἀ
490 452 547 518 καί
564 448 702 538 ἀνδράσι
720 458 897 537 συμβαῖνον
919 453 1045 541 ἀροῦμεν
1063 463 1129 529 τοις
1147 455 1222 544 περί
1238 457 1303 541 μά-

217 578 281 638 χας
303 553 356 619 διά
378 550 499 620 δειλίαν
519 552 761 634 ἀτολμωτάτοις.
803 557 915 619 ἐκεῖνοι
935 552 996 638 γάρ
1019 553 1080 620 sind
1098 559 1160 621 τῶν
1180 560 1303 626 οἰκείων

191 650 448 735 υόνειδιζόμενοι
482 654 538 718 καί
567 650 842 739 περιυβριζόμενοι
874 651 931 718 καί
963 651 1071 720 ὄτιούν
1101 652 1307 739 ὑπομένοντες

220 751 342 835 δεινὰν,
380 751 488 837 μάχης
512 755 574 836 μὲν
606 753 646 817 ού
678 752 859 840 παρούσης,
890 753 1086 835 κομπάζουσι
1119 755 1220 819 πολλοὶ
1251 759 1308 823 καί

220 852 436 937 ἰσχυρίζονται
456 849 512 917 καί
530 845 643 938 ὅρκους
661 854 903 937 προστιθέντες,
923 856 1026 938 μηκέτ’
1048 847 1146 929 αύθις
1164 864 1229 930 τοῖς
1248 863 1326 930 rso-5

219 951 339 1033 λεμίοις
358 950 394 1016 τὸ
413 952 583 1037 πρόσωπον
603 950 833 1036 ἀποστρέψειν,
873 947 943 1017 ἀλλ’
963 946 1114 1039 ἀνδρείως
1142 955 1309 1020 ἀντικατα·

220 1047 395 1137 στήσεσθαι
415 1048 496 1137 πρὸς
516 1045 643 1127 αύτούς.
684 1049 813 1116 ἐπειδάν
834 1053 870 1115 δὲ
891 1051 1011 1127 αύτούς
1028 1076 1063 1117 τε
1082 1053 1175 1119 ἴδωσι
1196 1078 1307 1139 προσι·

222 1149 315 1226 ύντας
335 1154 390 1216 καί
412 1154 469 1235 τῆς
495 1145 665 1234 σάλπιγγος
684 1148 847 1215 ἀκούσωσι
867 1151 1082 1238 σημαινούσης
1107 1153 1308 1241 συμπλοκὴν,

225 1246 332 1315 odedu
362 1251 471 1333 μένειν
496 1250 565 1314 odd'
586 1249 641 1314 ἐπὶ
668 1251 726 1334 τῆς
754 1248 956 1335 παρατάξεως
976 1246 1042 1318 οἷοί
1055 1254 1091 1317 τέ
1111 1254 1206 1334 εἰσιν,
1225 1253 1307 1318 ἀλλά

224 1348 398 1437 φεύγουσιν
424 1351 566 1435 αἰσχρούς
593 1351 650 1414 καὶ
680 1349 838 1432 ἀγεννῶς,
880 1350 972 1433 ὀλίγα
999 1356 1218 1438 φροντιζοντες
1246 1358 1349 1421 πάντα

224 1446 328 1537 ὅρκων
356 1453 413 1514 καί
438 1452 503 1514 τῶν
521 1445 757 1531 κομπασμάτων
776 1454 845 1514 τῶν
864 1453 1033 1536 προτέρων.
1071 1452 1178 1518 ἀκούω
1200 1457 1312 1523 δὲκαὶ

223 1551 398 1637 παροιμιάς
422 1551 588 1634 Περσικῆς
606 1548 716 1633 ὀρθῶς
744 1544 825 1632 ἀγαν
853 1553 908 1614 καί
924 1554 1062 1629 συνετῶς
1083 1556 1158 1638 περί
1175 1557 1233 1638 τῆς
1252 1579 1311 1639 γυ-

224 1653 365 1725 ναικείας
386 1650 551 1734 εἰρημένης
571 1646 710 1735 φύσεως.
729 1653 857 1733 λέγουσι
875 1648 949 1736 γάρ,
965 1648 1009 1725 ιύς
1028 1644 1086 1717 κάν
1099 1654 1195 1738 μέχρι
1215 1677 1311 1743 reos·

225 1752 290 1814 λῶν
309 1750 464 1836 ἀφίκηται
485 1742 505 1834 ἧ
527 1746 649 1836 κεφαλὴ
669 1750 725 1835 τῆς
744 1748 917 1833 γυναικύς,
937 1752 1030 1817 ου’άὲν
1049 1750 1176 1819 ἔλαττον
1195 1747 1312 1841 ἢπρό·

129 1848 313 1935 Uimque
333 1848 507 1936 ἐφάπτεται
526 1852 584 1934 τῆς
602 1852 676 1934 γῆς·
695 1850 910 1934 σημαίνοντες,
931 1847 1030 1934 οἶμαι,
1050 1850 1104 1917 διά
1126 1857 1184 1918 τού
1202 1850 1354 1938 λύγου,ιὸ

224 1948 270 2025 ὥς
288 1942 349 2014 κάν
369 1952 415 2025 εἰς
435 1943 531 2035 ἀκρον
552 1949 609 2014 καί
628 1945 812 2036 φρονήσεως
827 1952 980 2038 ἀφίκηται
1001 1954 1056 2017 καί
1071 1957 1313 2038 μεγαλοψυχάις

223 2047 280 2114 καί
298 2049 452 2134 ἀνδρίας,
478 2050 572 2114 sotir
592 2041 685 2135 ἧττον
712 2044 735 2135 ἢ
754 2046 904 2135 πρότερον
924 2048 991 2116 ἔστι
1010 2049 1108 2136 γυνῆ,
1129 2063 1194 2129 τοῖς
1215 2077 1314 2142 φύσι·

223 2156 290 2224 κοῖς
313 2150 370 2212 καί
386 2150 576 2232 γυναικείοις
595 2145 733 2215 πάθεσιν
755 2152 934 2234 ἀνεχομένη.
957 2146 977 2215 ἃ
997 2148 1035 2235 δη
1052 2153 1152 2216 πάντα
1170 2176 1213 2235 με
1233 2154 1315 2218 ἀποι

223 2250 327 2313 κναίει
344 2249 544 2332 μεμνημένον
563 2246 620 2313 καί
637 2246 738 2315 πολύν
766 2252 895 2331 ἐμποιεῖ
908 2249 1048 2335 θόρυβον
1068 2255 1107 2337 τῇ
1128 2257 1237 2340 ψυχῇ,
1264 2247 1312 2361 μη

223 2354 279 2435 τῆς
300 2348 463 2433 βασιλίδος
482 2350 658 2433 γυναικεῖόν
669 2375 702 2415 τι
716 2346 896 2435 παθούσης,
921 2354 978 2416 ούκ
991 2348 1083 2427 αύτὸς
1101 2349 1197 2433 μόνον
1209 2402 1218 2435 ,
1232 2352 1356 2419 ἀλλαιο

224 2453 280 2515 καί
304 2449 458 2530 Ῥωμαῖοι
485 2447 598 2524 πάντες
632 2455 760 2525 πολλοῖς
797 2448 986 2536 ὁμιλήσομεν
1027 2461 1133 2526 κακοῖς
1160 2457 1217 2515 κατ’
1247 2463 1315 2534 τοῖς

224 2548 370 2630 ἀσχάτοις
406 2544 664 2633 περιπεσούμεθα
684 2547 851 2627 κινδύνοις.
894 2543 933 2614 ού
953 2548 991 2634 δὴ
1013 2552 1104 2616 ἕνεκα
1124 2556 1233 2637 πρῶτα
1253 2556 1314 2635 μὲν

172 2691 178 2700 x
225 2650 290 2713 τῶν
309 2647 517 2732 ύιτηργμένων
544 2651 618 2735 παρ’
646 2650 728 2730 ἐμοῦ
747 2673 799 2714 σοι
819 2644 951 2734 ἀγαθάν
968 2650 1216 2735 ἀναμιμνήσκω,
1245 2652 1315 2718 οὔδ’

227 2745 325 2811 ariade
356 2745 434 2824 ἴσως
453 2747 715 2834 ἐπιλελησμένον,
748 2749 792 2825 ἀς
821 2752 867 2826 είς
892 2756 983 2815 τούτο
1010 2749 1154 2828 εύύοξιάς
1179 2752 1236 2817 καί
1267 2778 1316 2818 τι-

225 2848 290 2932 μῆς
324 2843 413 2932 παρά
444 2845 503 2933 τήν
532 2848 686 2935 ἡμετέραν
708 2842 796 2935 ἥκεις
815 2854 872 2916 καί
889 2853 999 2939 φιλίαν
1017 2850 1075 2917 καί
1092 2849 1252 2939 σπουδήν,
1275 2853 1317 2920 ου’

279 2983 305 3036 6.
315 2978 375 3035 ἀλλ’
392 2980 455 3036 add.
472 2984 512 3037 Μ.
566 2979 648 3058 ἀνάρ.
666 2984 772 3039 αὐτίκα
789 2983 950 3053 στήσεσθαι
965 2985 994 3039 Ρ.
1056 2991 1094 3045 18.
1111 2985 1143 3043 di
1156 3008 1206 3063 pro
1224 2991 1272 3044 sut
1286 2991 1316 3047 Ρ.

227 3126 377 3179 liosissime
394 3122 485 3178 vexati
505 3139 536 3176 ac
553 3121 626 3175 nihii
646 3138 703 3175 non
720 3139 800 3192 grave
816 3123 955 3195 perpessi,
977 3129 1052 3177 extra
1069 3125 1205 3194 praelium
1221 3126 1315 3181 verbu

227 3215 256 3250 se
275 3198 403 3251 iactitant
419 3194 560 3266 magnifice
578 3201 607 3246 et
623 3194 706 3246 iurati
726 3194 880 3258 affirmant,
904 3192 939 3246 de
957 3201 1046 3247 cetero
1067 3213 1122 3247 non
1140 3205 1244 3267 tergum
1262 3196 1317 3251 ho·

228 3268 319 3320 stibus
345 3266 530 3340 praebituros,
556 3264 605 3317 sed
622 3280 754 3334 generose
777 3273 871 3317 contra
888 3272 1063 3335 pugnaturos.
1099 3269 1245 3340 Postquam
1263 3284 1316 3320 an·

229 3346 285 3391 tem
305 3356 351 3391 eos
370 3338 529 3389 accedentes
543 3343 744 3405 conspexerunt
762 3344 790 3388 et
807 3336 901 3388 tubam
917 3334 982 3387 belli
998 3337 1103 3406 signum
1123 3340 1315 3404 exaudierunt,

229 3408 258 3459 in
279 3411 339 3463 acie
361 3409 478 3478 amplius
495 3407 644 3458 consistere
663 3422 719 3459 non
739 3415 868 3476 possunt3
892 3405 940 3458 sed
957 3408 1102 3459 iuramenti
1120 3418 1148 3462 et
1167 3410 1315 3462 iactantiae

228 3479 330 3549 prioris
359 3478 460 3541 obliti,
482 3476 579 3547 ignave
603 3493 635 3529 ac
660 3476 780 3545 turpiter
803 3477 920 3548 fugiunt
957 3478 1059 3529 Scitum
1082 3487 1124 3530 eat
1140 3481 1221 3531 etiam
1239 3478 1317 3550 quod

230 3549 306 3619 apud
328 3551 420 3602 Persas
446 3548 512 3600 ferri
537 3545 712 3666 [roverbium
742 3547 841 3600 audio:
871 3548 971 3602 semina
990 3555 1088 3601 terram
1110 3549 1199 3601 adhuc
1216 3552 1315 3619 tangit,

231 3621 354 3691 quamvis
380 3620 470 3689 capite
498 3636 534 3670 nu
557 3634 585 3670 es
612 3618 742 3687 tetigerit
786 3618 849 3689 Quo
878 3618 1047 3689 significant,
1072 3622 1188 3688 opinor,
1210 3622 1261 3672 etsi
1279 3619 1316 3673 ad

231 3707 367 3743 summum
394 3688 557 3760 prudentiae
578 3688 810 3759 magnanimitatis
836 3696 865 3740 et
887 3690 1057 3742 fortitudinis
1082 3693 1189 3743 venerit
1206 3692 1316 3756 mulier,

230 3760 320 3812 nihilo
342 3764 451 3825 minus,
468 3767 500 3811 ut
518 3767 615 3822 autea,
635 3773 692 3811 esse
711 3760 870 3824 mulierem3
889 3759 941 3813 hoc
961 3768 1002 3811 cst
1019 3761 1189 3814 naturatibus
1209 3771 1237 3815 et
1254 3780 1316 3814 mu-

231 3830 368 3885 liebribus
400 3830 590 3883 affectionibus
619 3829 766 3883 subditam.
817 3829 895 3901 Quae
919 3830 1007 3884 omnia
1031 3847 1073 3881 mc
1097 3833 1317 3890 reminiscentem

151 3921 154 3926 ¹
232 3903 373 3956 solicitant
391 3911 419 3955 ct
437 3902 556 3953 animum
576 3910 649 3954 metu
667 3902 801 4023 ὶτιιρλειιλ,
817 3920 871 3966 ne,
897 3900 1003 3971 siquid,
1024 3908 1055 3951 ut
1074 3902 1208 3964 sommae,
1226 3905 1316 3972 impe·

234 3974 326 4026 rotrici
353 3972 497 4036 acciderit,
521 3989 578 4024 non
607 3990 655 4043 ego
675 3989 704 4025 so
719 3990 784 4036 nm,
802 3971 850 4023 sed
870 3979 898 4025 et
915 3967 1027 4023 Βοιωτοὶ
1048 3988 1140 4024 omncs
1160 3974 1251 4025 multis
1269 3973 1316 4024 in-

231 4043 321 4096 voiuti
346 4044 441 4107 maiis,
470 4045 598 4097 extremit
625 4044 755 4111 periculis
785 4043 1032 4096 circumveniamur,
1078 4042 1171 4112 Quare
1198 4044 1317 4113 primunr

233 4113 345 4186 quidem
370 4116 443 4167 ultro
470 4117 661 4185 praestitorum
688 4114 742 4165 tibi
769 4130 785 4165 a
813 4130 858 4166 me
884 4112 1079 4167 beneficiorum
1107 4123 1135 4166 te
1164 4114 1314 4166 admoneo:

231 4202 283 4238 nec
307 4196 336 4238 te
363 4183 480 4238 oblitum
504 4193 588 4257 puto,
606 4183 835 4256 quemadmodum
853 4183 888 4236 ad
906 4183 957 4235 hoc
975 4182 1077 4252 gloriae
1096 4192 1124 4235 et
1141 4182 1253 4236 honoris
1271 4182 1316 4235 fa-

231 4256 343 4328 stigium
373 4266 486 4329 propter
511 4257 661 4313 amicitiam
689 4263 812 4310 nostram
842 4256 1015 4326 studiumque
1046 4255 1210 4324 perveneris.
1252 4253 1318 4314 Non
