2934 4700
487 297 771 367 msromraou
800 300 857 363 τοι.
875 305 930 370 aa
1161 264 1239 382 ¹37

165 450 250 539 σάιηλ
276 451 383 535 δοκοέη
406 453 538 532 βέλτιον.
591 448 647 515 καὶ
664 440 782 535 ἤρχετο
801 446 822 512 ό
842 443 978 530 πόλεμος
998 445 1173 532 άρχομένου
1190 443 1386 528 'statinus

163 551 328 637 κτωβρέου.
374 548 564 629 Ἀπόκαυκος
583 551 620 614 δέ
637 546 712 625 τοός
731 549 766 613 ἐν
787 545 868 637 λόγρι
886 543 1025 630 μάλιστα
1044 542 1160 619 πάντας
1190 546 1266 615 αι’-α

161 648 225 727 διός
254 651 313 714 osis
341 640 382 716 άν
410 645 644 732 άνασχομένους
674 647 729 713 ὕπ’
758 649 878 715 ἐκείνου
899 637 1053 730 άγεσθυι,
1078 641 1156 729 ἔγνω
1177 645 1244 709 δεῖν

160 746 215 814 τόν
235 750 338 831 δῆμον
356 748 512 835 έρεθιζειν
531 744 608 833 πρὸς
628 744 683 813 τόν
697 745 845 829 πόλεμον,
866 745 905 810 οδ
917 743 1014 827 μόνον
1028 738 1149 827 άλόγως
1164 740 1244 825 πρός

138 851 221 920 suar
252 847 359 915 ότιυιῖν
387 848 561 935 φερόμενον
580 849 712 934 κέρδους
732 848 821 913 ἕνεκα
841 839 964 929 όλέγου,
982 837 1064 909 άλλοὶ
1083 846 1140 908 καί
1153 841 1243 931 ῥηιδί-

160 971 205 1023 ως
223 942 466 1029 άποκεισόμενον
485 953 551 1022 τοῖς
570 947 806 1032 προστάγμασιν
824 946 954 1016 ἐκείνου.
994 942 1051 1008 κατ’
1061 941 1170 1028 πρῶτα
1182 942 1243 1022 μέν

159 1043 304 1132 άπόρους
321 1043 411 1121 τινάς
429 1044 486 1111 καὶ
503 1046 619 1124 λάλους
638 1047 839 1129 περιέστησεν
858 1037 975 1131 ἐαυτῷ,
997 1035 1132 1125 ἑτοίμως
1150 1036 1242 1123 ἐχον-
1351 1117 1354 1122 ¹

158 1169 216 1222 τας
241 1142 305 1209 tut
327 1143 437 1220 πενίας
455 1142 591 1211 καὶτῶν
611 1138 802 1211 δεινοτάτων
822 1141 1031 1229 κατατολμηῖν.
1071 1134 1181 1206 ἔπειτα
1200 1139 1243 1203 δι’

158 1244 286 1310 ἐκείνων
306 1243 363 1310 τόν
381 1245 480 1329 δῆμον
498 1239 694 1331 συνταράξας
712 1239 770 1308 καὶ
788 1244 910 1327 πλῆθος
934 1233 1166 1325 ἐπαγαγόμενος
1185 1258 1244 1302 πο·

119 1340 213 1424 mid,
247 1341 327 1428 πρός
354 1341 413 1428 την
443 1345 543 1409 οἶκέαν
571 1343 684 1430 α’φΐκτο
718 1339 774 1429 τήν
805 1340 943 1428 μεγάλου
977 1340 1161 1423 δομεστέιιου
1187 1338 1245 1404 κατ’

163 1441 346 1527 διαρπάζειν
364 1445 487 1510 ἐκέλευε
507 1442 548 1509 τά
570 1436 646 1509 όντα
665 1440 720 1508 κατ’
737 1439 796 1526 τὴν
817 1440 918 1510 simtu
935 1439 1172 1525 καταστρέφειν.
1211 1430 1243 1502 oi

164 1542 202 1607 δέ
221 1543 283 1606 τοῖν
303 1546 598 1625 συνεσκευασμένων
617 1537 796 1618 συνειδότες
822 1542 923 1627 μηδὲν
944 1536 1000 1604 soi
1025 1536 1084 1623 τὴν
1102 1535 1242 1620 μεγάλου

165 1640 345 1722 δομιστάιου
366 1638 502 1724 δύναμιν
520 1643 749 1726 νατεπτηχότες
767 1638 827 1724 ἐτι,
848 1641 946 1728 μέχρι
963 1641 1024 1721 μὲν
1041 1634 1144 1720 oditis
1160 1655 1239 1720 προ·

161 1743 281 1823 ἦλθον,
313 1736 410 1805 ἔπειθ’
437 1744 589 1826 ἔστησαν,
620 1736 832 1827 άποροόμενοι
858 1736 939 1826 πρός
969 1731 1272 1823 daemomonum)

120 1841 214 1922 15th
232 1836 371 1924 μεγάλου
390 1840 574 1920 δομεστόιιου
596 1843 631 1906 δὲ
650 1837 769 1926 μητρός
789 1833 911 1907 druto
928 1841 965 1905 ἐκ
983 1840 1046 1904 τῶν
1064 1829 1242 1920 οἰκημάτων

155 1935 216 2023 τὴν
235 1932 345 2025 ἄφιξιν
364 1940 471 2004 odorio
490 1942 727 2025 πυνθανομένης
756 1934 784 2022 ό,
800 1963 834 2005 τι
852 1935 912 2025 εἴη,
933 1934 1108 2026 σωφρόνως
1128 1935 1242 2000 ἐκεῖνον

156 2039 214 2118 καὶ
231 2040 387 2121 συνετῶς,
408 2040 531 2123 α’γνοεῖν
550 2044 609 2123 μὲν
626 2042 680 2126 ἐφ’
699 2035 729 2123 ά,
742 2063 793 2122 τι,
812 2036 949 2127 ἔφασαν,
967 2041 1130 2123 κληθεῖεν·
1170 2029 1244 2100 ouri

157 2139 195 2202 δὲ
215 2135 359 2221 γνόντες,
393 2138 593 2224 ἀναχωρεῖν,
619 2137 665 2223 μη
687 2141 839 2216 τοιοότοις
858 2140 1029 2226 ἐπιχειρεῖν
1055 2137 1242 2217 τολμῶντες.

157 2235 188 2301 οἱ
207 2240 270 2319 μὲν
297 2227 370 2319 σάν,
402 2241 458 2322 τῆς
475 2241 613 2323 μεγάλου
635 2235 821 2320 δομεστάιου
839 2235 962 2324 μητρός
979 2232 1113 2322 χάριτας
1133 2234 1242 2307 αὐτοῖς

114 2332 374 2423 τοόμολαγοάσης
400 2340 457 2425 τῆς
485 2341 531 2417 εἰς
563 2335 664 2424 ου’την
685 2338 815 2423 αἰδοῦς,
846 2338 968 2404 ένελέεν
987 2330 1167 2420 άνεχάρουν
1188 2328 1244 2401 καλ

157 2435 318 2502 διελύοντο
350 2442 417 2503 κατ’
456 2435 571 2516 οἴκους.
623 2438 821 2524 πατριάρχης
854 2438 891 2503 δέ
916 2433 971 2501 καὶ
1001 2433 1241 2519 ῆουνωμοσέα,

156 2534 228 2602 ἐπεὶ
258 2535 303 2622 μη
336 2537 414 2602 κατά
446 2541 521 2603 νοόν
548 2539 657 2615 αάτοῖς
683 2537 704 2621 ἦ
736 2539 793 2602 τοῦ
813 2533 916 2623 δημου
935 2535 1055 2620 κίνησις
1074 2531 1241 2613 έτελεότα,

156 2633 241 2720 πρός
265 2634 340 2713 τυός
368 2637 551 2723 ἐπιτηδείως
580 2637 711 2722 ἔχοντας
738 2633 911 2725 ἐτράποντο
938 2637 981 2725 τῷ
998 2631 1125 2722 μεγάλην
1146 2633 1241 2715 δαμε-

226 2820 248 2857 ε.
266 2799 354 2876 δγδόη
372 2803 409 2857 ss
426 2819 478 2875 mg.
497 2819 546 2874 pro
564 2802 739 2879 ἐρχομένου.

157 2953 227 3011 Idus
242 2951 373 3008 Octobres
392 2962 520 3024 coeptum
542 2961 592 3010 est.
634 2954 734 3009 Verum
753 2972 815 3008 curn
834 2953 1011 3027 Apocauchus
1030 2957 1148 3007 maxime
1167 2955 1238 3008 cives

156 3025 304 3096 primarios
330 3040 423 3078 omnes
447 3025 559 3079 ductum
574 3040 664 3093 ‘sunm
691 3033 861 3079 recusaturos
879 3026 977 3088 sciret,
1000 3027 1095 3097 vulgus
1113 3024 1149 3076 od
1165 3040 1239 3077 arma

159 3095 354 3148 concitandum
385 3097 505 3148 censuit:
526 3095 601 3167 quod
619 3105 648 3149 et
676 3104 779 3148 temam
796 3094 871 3165 parvi
889 3095 1045 3216 comKendii
1063 3095 1149 3166 gratia
1169 3112 1240 3165 quo-

155 3167 199 3221 tis
225 3167 367 3234 rapiatur,
391 3174 421 3218 et
448 3167 527 3219 facile
552 3168 634 3220 etism
653 3168 735 3220 iussis
760 3169 819 3219 elus
836 3183 866 3219 se
892 3163 942 3217 sub
964 3173 1030 3218 eret
1065 3169 1103 3219 Δι
1120 3167 1239 3237 primum

157 3236 273 3308 quidem
294 3235 426 3306 quosdam
443 3246 554 3307 egentes
576 3245 605 3290 et
622 3238 715 3308 lingua
735 3236 853 3291 nimium
869 3243 1010 3306 promptus
1025 3253 1074 3306 pro
1098 3236 1239 3305 stipatori-

156 3306 210 3359 bus
234 3305 292 3358 sibi
317 3306 434 3374 delegit,
461 3317 570 3378 paratos
587 3307 623 3359 ad
642 3305 834 3362 consolandam
852 3307 1056 3361 mendicitatem
1074 3322 1150 3361 suam
1166 3304 1241 3358 nihil

155 3395 214 3431 non
234 3377 356 3441 audere,
382 3380 555 3446 quantumvis
581 3378 726 3431 scelestum
749 3392 781 3428 ac
808 3377 950 3430 nefarium.
992 3376 1100 3430 Deinde
1124 3393 1173 3445 per
1192 3393 1239 3430 eos

154 3448 241 3519 piebe
260 3446 420 3512 conterrita,
440 3463 501 3499 cum
518 3464 614 3517 magna
638 3449 818 3501 multitudine
835 3446 870 3500 ad
889 3448 970 3502 aedes
987 3448 1078 3518 magni
1096 3445 1241 3501 domestici

154 3517 350 3591 progreditur.
367 3517 516 3582 mandans,
533 3521 575 3571 uti
594 3534 640 3570 eas
657 3519 790 3587 diripiant
806 3534 838 3569 ac
856 3517 1019 3573 disturbent.
1063 3516 1119 3588 Qui
1137 3518 1241 3573 sutela-

155 3605 218 3641 rum
236 3594 266 3638 et
282 3586 514 3642 machinationum
533 3589 605 3643 inter
622 3592 789 3659 conspiratos
806 3590 893 3642 nescii
911 3596 940 3644 et
967 3591 1117 3643 etiamnum
1147 3589 1242 3642 dome·

99 3714 102 3719 ,
154 3657 219 3710 stiei
243 3660 398 3729 potentiam
427 3659 623 3723 formidantes,
643 3661 713 3713 atrio
733 3667 814 3713 tenus
837 3671 1035 3728 processerunt
1084 3660 1155 3713 'l'urn
1174 3676 1239 3712 cou-

154 3729 309 3791 stiterunt,
327 3728 486 3793 haerentes,
509 3747 564 3801 quo
594 3746 624 3783 so
650 3738 796 3784 verterent
831 3730 921 3784 Matre
937 3731 1026 3799 magni
1042 3731 1186 3785 domestici
1204 3729 1239 3782 de

155 3799 306 3851 caenaculo
324 3800 490 3865 sciscitante,
509 3801 576 3873 qnid
596 3799 729 3857 adventus
749 3816 843 3854 eorum
861 3801 916 3853 sibi
938 3800 1031 3855 vellete
1049 3801 1092 3855 illi
1116 3803 1239 3856 modeste

155 3886 189 3921 ac
213 3868 380 3939 prudenter,
409 3888 438 3923 se
463 3871 598 3935 nescisse,
622 3888 702 3942 quam
728 3870 764 3925 ad
786 3872 843 3924 rem
865 3869 953 3925 suesti
973 3880 1079 3939 essent3
1102 3889 1176 3925 nunc
1192 3886 1240 3921 co-

154 3941 282 4007 gnovisse
305 3947 334 3992 et
355 3941 498 4003 recedere,
522 3940 597 4012 quod
623 3941 677 3994 tale
696 3941 801 3995 facinus
819 3956 913 3994 eorum
930 3940 1044 3994 andacia
1069 3941 1238 3995 reformidet.

155 4008 219 4079 Qua
237 4011 340 4078 gratias
359 4010 395 4062 ob
413 4014 456 4064 sui
474 4010 653 4065 reverentiam
674 4022 786 4082 agente.
806 4009 916 4064 domum
936 4013 1053 4084 quisquc
1072 4029 1149 4064 suam
1173 4010 1239 4063 aba·

157 4087 306 4132 cesserunt.
355 4080 508 4134 Patriarcha
535 4089 564 4135 et
589 4082 740 4147 coniurati,
765 4083 830 4153 qula
873 4081 1015 4136 labeculae
1042 4090 1130 4141 mutus
1157 4079 1239 4131 aliter

156 4150 280 4216 exierat,
300 4168 382 4221 quarn
399 4152 545 4217 volebant,
563 4151 599 4204 ad
614 4152 706 4223 magni
726 4099 872 4206 domesticd
895 4151 1033 4207 studiosos
1058 4169 1090 4204 ac
1115 4165 1238 4204 necessa·

157 4221 210 4283 sios
228 4238 258 4279 se
277 4229 483 4295 converterunt:
503 4231 532 4278 et
549 4222 681 4297 quosdam
699 4220 797 4283 eutem
816 4216 1107 4302 distemperatus,
1132 4220 1162 4279 in
1190 4234 1239 4280 cst·
