2934 4700
219 288 269 344 ¹²·
608 294 889 363 CANTACUYAEM

67 446 96 498 t.
107 448 135 499 C.
147 439 272 523 ι34ιχῆς
280 436 355 522 πρός
369 460 403 506 τε
411 441 596 528 βαρβάρους
608 448 752 527 πολεμάν
761 445 817 513 καί
824 444 903 533 πρὸς
910 444 981 525 τούς
993 450 1126 525 οἰκείους
1136 452 1292 516 tanum

190 536 477 624 Βπολιτεοάμενος,
506 543 647 610 ἐνταῦθα
672 545 875 632 ἐτελεύτησε,
915 545 969 612 καί
995 543 1016 633 ἦ
1045 544 1194 634 πρόθεσις
1214 549 1291 635 ἡμῖν

214 640 312 721 πέρας
338 636 468 724 ἔσχηκεν
496 641 517 725 ἢ
544 644 698 729 ἐξαρχῆς,
741 642 842 712 πάντα
868 645 930 713 σάν
960 647 1104 739 ἀκριβείηι
1135 648 1190 715 καί
1206 647 1288 730 μετὰ

214 736 364 821 ἀληθείάς
387 738 612 823 ἀπαγγειλασιν
642 742 686 821 τάς
716 746 849 829 ἀγίνετο.
895 746 965 810 ἐπεί
989 749 1024 811 δὲ
1044 747 1126 830 μετά
1145 746 1201 832 τὴν
1218 747 1291 813 ’Λν-

215 835 359 919 δρονίκοο
372 839 428 903 τοῦ
440 838 511 904 νέον
524 841 673 927 τελευτήν
699 842 718 907 ὅ
736 846 957 927 χαλεπώτατος
978 848 1041 911 τῶν
1064 846 1187 911 πώποτε
1211 850 1310 931 perp-5

213 937 430 1017 μὀνεοομένοιν
455 947 520 1015 τοῖς
546 939 716 1024 Ῥωμαίοις
738 940 817 1029 πράς
841 945 996 1030 ἀλλήλους
1015 947 1149 1028 πόλεμος
1167 944 1292 1031 ἀνεῤῥι-

215 1035 339 1118 πίσθη,
367 1029 401 1111 ὃς
428 1035 534 1119 ἀλίγον
563 1040 629 1104 δεῖν
656 1041 760 1107 πάντα
791 1043 990 1129 ἀνατέτραφε
1019 1042 1074 1108 καί
1100 1046 1292 1130 διέφθαρκε,

214 1129 271 1195 καί
299 1129 358 1217 την
396 1134 572 1216 εάδαίμονα
601 1137 659 1204 καί
683 1139 823 1225 μεγάλην
851 1144 915 1205 τῶν
937 1140 1105 1224 Ῥωμαίων
1128 1140 1294 1225 βασιλείαν

216 1226 448 1317 ἀσθενεστάτην
484 1237 540 1300 καί
574 1231 678 1323 ὥσπερ
706 1234 837 1304 citatos
876 1238 1019 1320 ἀπέδειξε
1045 1243 1101 1325 τῆς
1122 1242 1293 1325 προτέρας,

216 1330 383 1413 ἀναγκαῖον
402 1330 510 1421 ιβηθην
522 1336 585 1400 ,καί
600 1335 642 1401 τά
661 1334 741 1406 κατά
759 1340 869 1403 τοῦτον
886 1337 941 1403 τάν
960 1337 1097 1420 πόλεμον
1108 1341 1335 1423 γεγενημέναιο

215 1427 447 1516 δξηγησάσθαι,
488 1432 528 1497 od
555 1433 650 1517 μόνον
676 1436 718 1503 ἵν’
736 1437 847 1503 εἰδεῖεν
867 1439 896 1503 οἱ
914 1442 1099 1519 μετέπειτα,
1132 1433 1215 1504 ὅσων
1238 1462 1294 1501 κα-

187 1535 280 1597 ῦκάν
299 1531 397 1608 αἴτιος
428 1527 444 1595 δ
474 1530 614 1619 φθόνος,
645 1535 683 1599 od
712 1533 788 1613 ιοάς
818 1541 1056 1623 φθονοομδνους
1075 1535 1190 1618 μόνον,
1212 1534 1294 1600 ἀλλά

217 1630 273 1697 καί
290 1628 407 1706 αδτούς
431 1632 628 1717 ἐξαφανίζων
648 1632 724 1711 τοάς
745 1638 964 1722 φθονοῦντας,
998 1630 1103 1720 ὥσπερ
1122 1632 1179 1700 τὸν
1207 1637 1296 1720 σίδη-

221 1757 277 1819 ρον
305 1731 322 1798 ὃ
350 1734 384 1809 ἔξ
410 1733 512 1797 adseri
540 1732 720 1815 πεττόμενος
745 1731 813 1813 ide,
837 1730 905 1799 ἀλλ’
925 1738 979 1801 ἵνα
999 1734 1054 1800 καί
1073 1733 1169 1799 adcor*
1191 1732 1221 1798 οἱ
1241 1736 1297 1800 νῦν

217 1843 282 1911 τοῖς
301 1834 466 1918 πράγμασι
486 1831 640 1917 παρόντες
658 1832 796 1918 τάληθὲς
816 1833 935 1900 εἰδέναι
954 1832 1071 1920 ἔχητε,
1088 1837 1144 1915 καί
1161 1829 1206 1917 μή
1227 1840 1341 1908 voert

218 1931 336 2014 ἔξωθεν
359 1929 500 2018 φήμαις,
521 1930 603 2017 μηδὲ
622 1938 687 2006 τοῖς
706 1937 783 2016 παρ’
800 1925 955 2017 ἑκατέρων
970 1934 1034 1997 τῶν
1053 1934 1160 2018 μεριδν
1179 1926 1201 2015 ἢ
1224 1926 1299 1995 ἔαυ-

216 2040 285 2108 τοῖς
308 2032 530 2115 χαριζομένοις
566 2020 590 2115 ἢ
616 2028 692 2105 τοὺς
720 2028 880 2108 uenator
901 2028 1110 2113 διαβάλλουσι
1129 2032 1300 2115 προσέχον-

217 2154 269 2206 τες
284 2127 551 2216 θρολλονμίνοις,
571 2127 757 2215 παράγησθε
772 2127 950 2208 δοξάζοντες
963 2129 1003 2194 τά
1016 2127 1061 2215 μη
1083 2122 1171 2199 ὄντα.
1212 2122 1300 2204 ἀξιον

217 2232 255 2295 δὲ
276 2228 357 2312 μετά
378 2227 540 2312 ἀκριβείας
560 2228 633 2309 ἐμοί
651 2231 818 2313 προσέχειν
838 2229 893 2294 καί
911 2228 956 2313 μη
977 2230 1152 2315 παρέργως.
1193 2224 1300 2309 οἱμὲν

216 2326 277 2416 γάρ
303 2323 393 2394 ἄλλοι
413 2326 546 2410 πάντες,
575 2330 606 2394 εἰ
635 2329 675 2413 δη
704 2351 788 2406 τινες
817 2321 880 2392 εἶεν
899 2325 930 2393 οῖ
950 2327 1208 2415 συγγραψάμενοι
1228 2328 1341 2414 περίςο

216 2431 311 2494 τοῦδε
333 2429 390 2493 τοῦ
410 2430 572 2511 πολέμου,
592 2421 614 2512 ἢ
634 2426 834 2492 παντάπασιν
855 2424 985 2503 ἀπόντες
1005 2430 1068 2492 τῶν
1086 2423 1299 2512 πραγμάτων,

216 2524 278 2594 ὅσα
297 2520 319 2613 ἢ
341 2520 434 2612 ὄχλος
454 2524 470 2590 ὅ
487 2525 632 2612 δημώδης
653 2525 835 2612 διεθράλλει
848 2520 869 2611 ἧ
879 2550 958 2603 τινες
976 2530 1078 2612 ἕτεροι
1098 2521 1302 2612 ἀπήγγελλον,

185 2628 314 2694 notter
341 2630 444 2715 σαφὲς
474 2621 589 2704 εἰδότες
613 2627 688 2715 περί
716 2630 780 2693 τῶν
799 2630 989 2712 γινομένων,
1018 2620 1070 2693 οἷα
1092 2627 1303 2713 παρεδέξαντο

293 2798 335 2852 ¹7·
354 2779 551 2853 προσέχοντας
567 2778 594 2832 P.

221 2916 359 2983 habuerit,
379 2916 434 2971 huc
453 2933 540 2992 usquc
558 2935 574 2969 a
591 2917 673 2970 nobis
690 2917 856 2987 explicatum
885 2922 927 2968 est
952 2923 982 2969 et
1005 2916 1138 2987 promissa
1162 2914 1197 2968 ab
1220 2915 1303 2969 tuitio
1382 2942 1384 2950 ν

222 2997 395 3053 conservata,
422 2988 486 3042 dum
504 2997 628 3041 accurate
646 2997 675 3040 ct
693 3004 772 3052 vere,
805 2998 836 3040 ut
859 2988 1048 3056 contigerunt,
1080 2987 1173 3038 omnia
1194 2987 1303 3039 littera-

221 3076 284 3113 rum
304 3063 486 3114 monumentis
515 3058 649 3128 complexi
681 3075 782 3111 sumus.
826 3058 879 3110 Sed
906 3058 1036 3129 quoniam
1060 3064 1126 3127 post
1152 3055 1303 3108 Andronici
1325 3111 1327 3120 x
1374 3071 1378 3080 ’

222 3131 337 3182 minoris
354 3147 388 3183 ex
404 3128 456 3182 hac
475 3131 536 3183 luce
550 3131 740 3198 migrationem
764 3128 867 3180 beiium
885 3128 1006 3179 omnium
1029 3135 1165 3199 quotquot
1183 3141 1305 3196 uuquam

222 3199 324 3252 litteris
351 3204 515 3253 exstiterunt
535 3199 795 3268 perniciosissimum
819 3199 892 3252 iuter
907 3200 1037 3250 Romanos
1060 3199 1134 3267 ipsos
1152 3197 1305 3249 inflamma-

222 3278 282 3324 tum
303 3277 360 3324 est:
387 3271 461 3324 uude
478 3270 674 3340 propemodum
705 3270 796 3322 omnia
819 3275 950 3338 prostrata
978 3275 1007 3318 et
1032 3284 1123 3319 eversa
1148 3268 1306 3335 perierunt,

224 3356 258 3390 ac
277 3340 387 3393 beatum
403 3340 475 3392 iilud
489 3349 517 3393 et
533 3340 653 3411 amplum
678 3341 822 3410 imperium
848 3338 1056 3393 imbecillimum
1074 3345 1103 3390 et
1119 3338 1204 3389 vetuti
1222 3337 1307 3388 simu-

224 3410 326 3462 lacrum
366 3410 503 3493 quoddam
539 3418 568 3464 et
605 3409 701 3461 umbra
734 3417 840 3463 tautum
868 3410 966 3476 prioris
994 3408 1101 3470 evasit,
1124 3407 1307 3459 necessarium

226 3482 395 3544 existimavi,
418 3483 500 3533 etiam
527 3497 560 3535 eo
578 3482 637 3549 ipso
654 3488 809 3549 perpetrata
827 3487 987 3531 contexere:
1015 3495 1071 3530 non
1088 3478 1176 3529 solum
1202 3487 1234 3529 ut
1254 3493 1308 3545 po·

227 3550 335 3602 ateritas
360 3560 519 3620 eognoscat,
565 3560 674 3604 nautam
700 3552 754 3601 sim
777 3549 1008 3603 incommodorum
1035 3548 1138 3600 invidia
1160 3549 1309 3617 importare

227 3622 333 3683 soleat,
359 3636 430 3690 quae
451 3631 507 3675 tam
529 3568 598 3684 adst,
621 3637 703 3692 quam
721 3620 802 3684 aliia,
830 3621 914 3671 instar
935 3618 1068 3686 rubiginis
1092 3636 1127 3672 ex
1153 3620 1212 3689 ipso
1236 3615 1310 3668 serso

228 3693 365 3743 nascentis
384 3693 540 3762 ferrumque
560 3693 755 3754 consumentis,
776 3689 891 3744 exitiosa
913 3697 966 3741 est:
986 3689 1127 3741 sedetiam
1139 3697 1312 3758 utpracseu·

227 3768 270 3813 tes
289 3762 425 3826 habeant,
455 3763 529 3815 unde
552 3766 693 3816 veritatem
719 3762 887 3830 percipiant:
917 3777 954 3812 ne
982 3759 1132 3829 peregrinis
1153 3756 1310 3811 rumoribus

229 3832 367 3894 nunciis,
394 3849 464 3900 quae
492 3831 527 3883 ab
555 3840 669 3903 utraque
695 3839 771 3902 parte
798 3832 840 3882 vei
858 3831 892 3882 ad
912 3847 989 3881 suum
1014 3829 1096 3883 decus
1121 3845 1171 3898 per
1197 3827 1310 3898 gratiam

228 3904 273 3955 vei
290 3902 325 3953 ad
342 3902 556 3956 adversariorum
574 3902 690 3955 dedecus
710 3920 759 3970 per
775 3902 935 3953 calumniam
955 3899 1186 3960 disseminantur,
1205 3900 1309 3950 animos

229 3973 401 4024 advertentes
425 3972 673 4034 circumducantur,
702 3973 770 4025 iaisa
788 3990 837 4041 pro
855 3972 925 4023 veris
948 3972 1100 4039 opinantes.
1136 3969 1196 4020 Erit
1218 3973 1310 4019 utitem

230 4059 328 4112 operae
347 4044 465 4112 pretium
482 4062 538 4099 non
557 4047 718 4105 oscitanter,
737 4042 785 4096 sed
803 4042 924 4095 studiose
942 4040 1009 4092 mihi
1028 4040 1093 4110 dure
1105 4055 1223 4109 operam.
1240 4036 1310 4087 Nam

230 4115 332 4166 caeteri
351 4130 462 4177 omnes,
482 4115 505 4166 si
524 4115 574 4185 qui
594 4115 674 4168 huius
695 4114 763 4165 beiti
779 4113 923 4164 historiam
935 4119 1160 4181 composuerunt,
1177 4115 1225 4160 rut
1242 4121 1311 4158 neu·

228 4184 334 4256 tiquam
352 4185 549 4246 interfuerunt:
568 4201 695 4258 quaeque
713 4186 770 4241 sive
785 4182 934 4237 multitudo
952 4183 1092 4253 popularis
1109 4181 1166 4234 sive
1185 4177 1234 4231 ulii
1246 4173 1311 4247 qui·
