2934 4700
392 318 400 334 .
497 252 785 340 utsuouuauu
813 272 869 336 ur.
889 274 943 351 96·
1188 239 1267 363 591

178 433 239 515 μὲν
251 422 307 495 οὖν
323 424 477 512 έπιβουλῆ
502 421 601 503 οὕτως
621 423 776 512 έμηνάθη.
817 425 836 491 ὃ
855 422 1008 509 βασιλεάς
1019 446 1055 491 τε
1069 417 1167 506 αάτάς
1175 426 1233 493 καί
1241 425 1271 493 oi
1279 439 1341 494 uc.
1355 443 1422 513 1346

179 528 256 617 napi
274 527 370 595 αὐτὸν
395 524 512 603 πολλάς
538 523 722 610 άμολάχουν
739 524 879 613 χάριτας
899 524 979 616 θεῷ,
999 522 1102 603 οὕτως
1121 530 1158 594 ἐκ
1175 534 1271 611 χαλε-

179 633 249 696 πῶν
276 626 428 693 κινδύνων
448 626 592 717 ῥυομένρ
617 628 764 710 βασιλέα.
806 628 934 710 βασιλὶς
956 627 992 691 δὲ
1010 625 1031 712 ἧ
1046 619 1144 693 Ἀννοι
1164 632 1220 694 καί
1240 628 1273 694 οἱ

133 780 136 787 .
179 733 255 814 περὶ
274 728 377 813 αὐτὴν
394 730 456 794 τάν
477 724 673 811 πραγμάτων
693 718 855 811 άρχοντες,
876 724 948 792 ἐπεὶ
965 721 1054 810 παρά
1075 750 1110 791 τε
1124 729 1181 812 τῆς
1195 733 1271 794 Mu·

155 833 245 895 5σο3ν
278 826 466 912 συμμαχίας
493 826 549 892 καί
575 829 640 892 τῶν
669 818 775 893 άλλων
796 816 917 911 ὄνηντο
937 829 1041 908 oridia,
1062 825 1217 915 Ὁρχάνην
1234 852 1270 894 τε

179 925 337 995 άδάνατον
357 926 465 1015 λάρον
483 931 689 1010 μεταπείθειν
709 924 791 1012 πρὸς
812 924 1075 1011 Κοντακοοζηνὸν
1094 924 1151 992 τὸν
1173 932 1269 1010 βασι-

177 1033 236 1095 λέα
258 1035 407 1112 πολεμεῖν
429 1025 482 1093 διά
501 1024 538 1093 τά
558 1029 672 1113 κῆδος,
693 1024 864 1114 ἐτράποντο
883 1025 939 1094 dm*
962 1022 999 1090 τά
1019 1028 1143 1092 πείθειν
1162 1025 1269 1112 ἓτεράν

175 1153 249 1195 τινα
280 1132 343 1195 τοῖν
366 1128 542 1214 βαρβάρων
562 1135 745 1212 συμμαχεῖν
765 1127 885 1203 αι’τοῖς.
919 1125 981 1191 καί
1000 1127 1182 1208 πέμψαντες
1205 1126 1298 1207 Tei-p

175 1253 271 1314 χάριν
291 1233 323 1296 Γ
320 1227 451 1314 εάργιον
476 1226 532 1295 τὸν
558 1231 660 1314 μέγαν
691 1223 976 1313 στραδοπεδάρχην
995 1222 1075 1307 πρὸς
1098 1227 1267 1313 Σορχάνην

139 1327 234 1397 roris
255 1331 384 1405 Λυδίας
404 1324 590 1414 σατράπην,
613 1319 668 1413 (ἢν
687 1323 751 1413 γάρ
771 1325 859 1415 atiud
880 1325 938 1391 καί
954 1321 1095 1411 συνήθης
1114 1323 1267 1414 πρότερον

177 1428 234 1498 ἐπὶ
261 1432 500 1515 Φιλαδέλφειαν
523 1425 625 1494 πολάν
651 1425 766 1513 χρόνον
791 1427 834 1516 τῷ
853 1425 954 1513 πατρί
971 1427 1263 1514 συνδιατρίψαντα)

175 1530 302 1598 έὸέοντο
325 1529 419 1615 σφίσι
437 1531 570 1613 βοηθεῖν
589 1529 646 1592 καί
663 1529 799 1610 πέμπειν
821 1523 902 1592 κατά
921 1527 1078 1608 βασιλέως
1096 1526 1263 1611 πρασιάν.

174 1628 192 1697 ὁ
219 1632 256 1696 δὲ
284 1629 399 1694 αέτίνα
426 1651 462 1694 τε
491 1628 637 1693 ἐπείθετο
667 1629 724 1692 καί
750 1627 962 1707 συνεξέπεμπε
990 1629 1035 1714 τῷ
1065 1622 1188 1712 Τάγαρι
1208 1626 1266 1711 την

175 1727 322 1811 δύναμιν.
360 1728 480 1814 ’Λμοάρ
502 1729 551 1811 δέ,
574 1724 618 1803 oie
638 1723 776 1791 έπάθεεο
795 1722 854 1811 τὴν
866 1722 1016 1811 Σαρχάνη
1035 1722 1187 1811 στρατιάν
1198 1750 1266 1810 χυ-

16 1854 18 1883 r
136 1832 293 1917 ιδροῦσαν
312 1825 393 1893 κατά
412 1825 589 1911 βασιλέως,
611 1823 699 1891 δεινά
722 1829 858 1892 έποιιῖτο
885 1824 944 1891 καί
969 1820 1111 1891 ἐπίνοιάν
1138 1850 1210 1892 τινα
1231 1826 1266 1890 έν

171 1930 331 2008 σκέπτοιο,
355 1930 398 1993 δι’
419 1919 457 2012 ἧς
477 1928 602 2006 ἐξέσται
621 1929 667 2016 τῷ
686 1927 771 2013 φίλην
790 1928 930 2011 βοηθεῖν.
958 1922 1016 1990 καί
1033 1922 1265 2009 α’πολεξάμενος

172 2027 232 2095 drio
250 2031 313 2094 ruis
336 2027 412 2113 παρ’
433 2026 519 2116 αιίτρῖ
534 2027 711 2113 έπιφιινοόν,
731 2018 789 2099 οὓς
799 2016 872 2112 ᾔδει
883 2018 1023 2105 μάλιστα
1035 2023 1075 2090 τά
1088 2025 1167 2091 κατά
1182 2024 1262 2109 yuui-

170 2152 233 2213 μην
262 2125 458 2211 πράξοντας,
493 2126 647 2207 ἐξέπεμπε
668 2120 725 2189 καί
744 2123 921 2207 δισχιλίους
940 2120 1136 2212 στρατιώτας
1155 2147 1295 2210 παρα-ο

171 2224 345 2312 σχόμενος,
380 2224 425 2303 ὥς
454 2218 523 2307 άμα
553 2222 765 2313 τῇΣορχάνη
784 2223 922 2311 στρατιᾷ
942 2228 1264 2311 περαιαθησομένους

16 2359 19 2396 5·
131 2325 250 2414 aoropo'e
279 2324 336 2413 την
364 2324 504 2416 Θρηίκην.
557 2322 632 2403 ἔθος
654 2323 717 2413 γάρ
737 2321 863 2403 τούτοις
885 2332 951 2403 τοῖς
969 2319 1159 2410 βαρβάροις,
1185 2319 1265 2392 ὅταν

171 2429 226 2493 dni
243 2427 413 2512 λεηλασίαν
432 2424 536 2509 ἴασιν,
559 2417 600 2491 άν
622 2445 706 2501 τινες
744 2418 910 2511 έξὲτέρας
919 2426 1113 2508 σατραπείας
1128 2426 1264 2490 tultum
1293 2415 1304 2442 ⁴
1376 2481 1381 2492 r

169 2525 442 2613 συνέπεσθαι,μὴ
464 2524 610 2610 κωλύειν,
632 2524 714 2591 ἄλλά
735 2521 792 2591 καί
809 2525 927 2593 εἰδέναι
952 2521 1069 2610 χάριν,
1092 2522 1136 2600 oie
1158 2527 1263 2611 φιλοις

170 2625 226 2694 καί
256 2623 447 2711 συμμάχοις.
495 2628 619 2694 ἐκέλευε
642 2626 679 2691 di
695 2624 817 2713 Ἀμοῦρ
848 2634 916 2703 τοῖς
942 2628 1019 2713 παρ’
1035 2620 1153 2692 έαυτοά
1181 2648 1262 2708 nepta
1308 2615 1310 2620 ’

171 2822 232 2875 aliis
258 2821 436 2876 turbantibus
473 2831 502 2877 et
527 2821 607 2896 quasi
636 2823 696 2876 eius
728 2832 808 2875 eausa
839 2821 1046 2886 metuentibus,
1074 2820 1258 2876 iocabundum

170 2892 290 2955 dixisse,
318 2893 505 2958 confiderent,
540 2892 596 2947 ribi
622 2910 734 2965 quoque
761 2894 844 2945 ricem
862 2908 929 2947 esse.
965 2892 1086 2946 insidiae
1104 2893 1158 2946 hoe
1176 2893 1258 2946 modo

169 2964 199 3016 in
217 2973 341 3034 apertum
360 2965 483 3035 prolatae
503 2973 587 3028 sunt,
618 2973 647 3017 et
664 2963 817 3034 imperatur
832 2979 894 3016 eum
912 2964 1043 3017 comitatu
1069 2980 1119 3016 suo
1146 2981 1258 3034 magnas

168 3036 228 3087 Deo
250 3038 349 3106 gratias
370 3035 442 3105 egil,
475 3035 632 3107 quietam
655 3035 730 3103 graui
749 3035 873 3104 periculo
901 3051 930 3087 se
957 3033 1136 3088 liberavisset
1174 3034 1259 3089 Cete-

168 3107 228 3161 a'um
256 3108 334 3159 Anna
365 3106 526 3176 imperatrix
562 3104 668 3177 quique
700 3104 776 3175 apud
801 3107 888 3175 ipsam
916 3112 996 3158 erant
1021 3103 1256 3159 administratores

168 3178 244 3239 eius,
262 3186 408 3248 postquam
429 3178 584 3230 Moesorum
606 3182 634 3229 et
651 3176 768 3228 aliorum
791 3176 894 3229 auxilia
918 3175 991 3228 nihil
1014 3176 1193 3245 prosuerunt,
1212 3177 1255 3230 ui·

168 3246 340 3318 daruntque,
358 3262 499 3317 uunquam
517 3249 595 3310 lore,
614 3253 646 3299 ut
665 3244 785 3299 Orcheni
811 3245 889 3299 aliud
915 3246 1113 3317 persuaderent
1135 3263 1255 3318 eumque

168 3318 203 3370 ad
224 3319 442 3373 Cautacuaeuum
459 3333 583 3370 socerum
601 3334 636 3386 op
658 3316 814 3388 ugnaudum
833 3316 1012 3381 inducerent,
1035 3318 1071 3370 ad
1094 3319 1166 3370 allus
1190 3318 1255 3371 bar-

168 3385 227 3440 bari
245 3390 406 3443 societatem
427 3395 456 3441 et
481 3388 616 3441 auxilium
637 3335 840 3459 implorandum
857 3403 916 3441 rese
935 3397 1136 3444 converterunt
1156 3389 1255 3474 ltaque

168 3459 314 3526 Georgium
332 3459 460 3528 Tagarlu,
483 3476 609 3530 maguum
627 3458 889 3528 stratopedareham,
906 3458 942 3512 ad
960 3459 1133 3524 Sarehanem,
1150 3459 1255 3529 Lydiae

167 3536 308 3597 satrapam,
332 3533 357 3582 ei
381 3530 561 3593 familiarem,
588 3532 704 3602 (uippe
729 3531 778 3600 qui
806 3546 868 3583 eum
897 3536 975 3601 patre
999 3531 1087 3602 ipsius
1112 3531 1255 3584 Sarchauis

167 3598 372 3668 Philadelphiue
399 3602 446 3654 diu
465 3608 588 3656 serratus
601 3547 720 3670 iuerat)
736 3601 852 3654 mittunt
868 3608 898 3653 et
914 3618 996 3672 opem
1016 3600 1144 3656 adversus
1162 3604 1255 3673 impe·

167 3681 284 3724 retorem
310 3669 439 3739 flagitant
460 3699 463 3706 ·
481 3673 506 3726 Is
526 3673 669 3725 eouiestim
687 3671 773 3725 lleaus
807 3672 906 3742 Tagarl
927 3671 1021 3740 copias
1039 3673 1133 3738 tradit.
1168 3677 1255 3728 Amu-

166 3742 233 3805 rius,
252 3749 284 3794 ut
302 3740 337 3793 ad
354 3742 414 3794 eius
430 3759 508 3797 aures
526 3743 611 3807 seuit,
631 3742 795 3795 Sarehauem
818 3751 912 3795 contra
933 3746 1125 3811 imperatorem
1145 3747 1256 3801 mittere

165 3813 301 3873 militem,
319 3812 414 3882 iniqua
433 3821 525 3867 mente
542 3813 609 3866 tulit
627 3820 655 3866 et
673 3812 808 3884 quiddam
827 3821 998 3866 commentus
1016 3821 1074 3878 est,
1093 3833 1149 3888 quo
1167 3817 1255 3869 amico

167 3885 357 3954 opitularetur.
400 3884 519 3937 Deleetis
546 3887 620 3937 euim
646 3883 680 3934 de
708 3882 765 3935 suis
793 3879 902 3936 duobus
920 3883 1095 3948 illustribus,
1112 3902 1182 3957 quos
1200 3887 1255 3940 sibi

166 3951 1263 4082 tellit‘’titillet’',telle„l’llttiltllttlttlllil·‘2:21'

166 4095 238 4147 euim
266 4096 340 4167 apud
367 4095 497 4150 barbaros
519 4097 589 4149 istos
617 4096 772 4158 sollemne,
797 4112 858 4148 eum
882 4097 1047 4167 populatum
1064 4096 1153 4160 irent,
1178 4099 1201 4152 si
1220 4115 1255 4152 ex

165 4164 219 4219 alia
242 4168 363 4241 satrapis
388 4174 481 4225 assent
504 4168 553 4240 qui
571 4167 651 4241 sequi
671 4174 819 4241 cuperent,
837 4182 872 4221 ue
889 4167 1119 4239 prohiberentur:
1138 4170 1208 4241 quin
1227 4180 1257 4225 at
