2934 4700
197 236 227 323 6
250 246 254 257 '
645 261 855 329 rnmocua

200 415 329 471 Thessali
337 456 346 483 ‚
369 416 546 476 Acarnanes,
571 413 684 486 reliqua
702 416 768 467 item
781 416 928 471 contlnens
948 414 980 468 tn
1001 423 1164 484 potestatem
1177 410 1289 473 ,bemat-

200 484 318 561 Quidam
352 484 609 539 Thessalonicenses
634 481 777 556 deficiunt.
822 481 975 555 llyat'ssstini
998 483 1104 537 nobiles
1123 483 1204 537 rebus
1230 483 1290 532 suis

199 568 365 617 metuentes,
397 556 452 606 iter
476 557 536 606 eius
565 569 704 607 conantnr
728 552 869 625 impedire.
915 558 1002 609 Asius
1017 554 1132 624 fluvius
1156 550 1290 608 extendat.

197 626 347 682 Exercitus
366 625 617 690 Gynaecocastrum
641 623 716 676 redit
736 624 764 696 (3
783 625 803 695 ).
847 625 1028 696 Apocauchus
1044 623 1083 677 ad
1093 620 1291 677 ostendendam

196 697 351 769 potentiam
374 695 480 746 insulas
501 694 721 756 circumvectus,
747 644 783 747 ob
799 692 832 747 id
845 697 931 766 ipsum
953 695 1178 752 Thessalonicam
1198 690 1291 744 adna-

198 766 287 839 etigat.
324 761 566 816 Protostratorad
584 782 643 816 enm
656 763 795 825 desciscit,
829 766 896 837 Imp.
916 769 948 819 in
968 764 1148 827 desertores,
1166 774 1196 815 ut
1210 778 1292 830 tgna·

198 856 260 897 atos,
278 835 432 888 inuehitur.
467 834 626 901 Apelmenes
648 837 777 905 ingratus
798 848 824 888 et
844 836 976 901 superbus
995 835 1063 902 (lo).
1099 836 1291 889 Protostrator

198 906 380 975 obiurgatur,
404 903 452 956 cui
461 921 531 974 puer
541 907 646 956 Asnnes
663 904 875 958 commendatur·
912 903 1038 959 Ostendit
1049 904 1128 974 Imp„
1153 906 1184 956 in
1200 918 1291 975 quan·

166 980 169 985 ’
199 979 238 1030 tis
250 973 464 1047 difficultatibus
479 989 621 1027 versetur:
640 976 757 1027 militum
771 978 878 1028 animos
891 976 991 1038 erigit:
1008 972 1048 1026 ad
1058 974 1211 1046 principem
1225 972 1292 1025 Tri-

200 1046 339 1115 ballorum
360 1063 412 1115 pro
434 1043 544 1097 auxilio
569 1041 686 1097 eundum
705 1043 811 1099 suadet.
852 1044 1028 1099 Discedentes
1044 1044 1224 1115 Apocauchus
1244 1043 1292 1094 in·
1357 1096 1358 1099 ,

199 1116 342 1189 seqrtitur,
356 1133 413 1168 non
429 1126 522 1168 tamen
532 1126 681 1183 pugnatur.
710 1113 884 1186 Transfugae
905 1117 968 1185 lmp.
992 1116 1094 1185 eacipit
1128 1115 1237 1185 equites
1254 1110 1290 1163 ab

199 1183 372 1257 Apocattcho
391 1185 458 1255 ((1).
496 1182 629 1235 Edessam
649 1183 793 1237 obsidione
827 1185 1014 1239 Triballorum
1029 1187 1141 1239 liberat.
1177 1184 1291 1249 Ziutpa-

202 1274 255 1329 nus
273 1254 387 1329 quidam
407 1255 557 1324 pecuarius
575 1256 638 1321 lmp.
657 1255 766 1325 legatos
784 1255 896 1308 vinctos
911 1265 936 1307 A
953 1253 1077 1309 ocaucha
1091 1251 1177 1307 dedit.
1215 1247 1293 1315 Quid

198 1328 277 1399 passi
291 1327 356 1377 sint.
391 1323 528 1392 Munifice
550 1342 584 1377 ac
603 1324 812 1392 perhumaniter
828 1345 847 1379 a
875 1277 981 1380 dnobus
1004 1323 1131 1393 dynastis
1151 1322 1292 1391 accipitur

200 1398 367 1467 Imperator.
403 1394 529 1464 Scopiam
548 1394 629 1446 venit
651 1393 717 1465 (42)
762 1394 890 1449 Eundem
914 1396 1029 1448 liberas
1049 1394 1192 1448 Triballus
1211 1388 1293 1444 Crali

202 1466 346 1529 conciliat.
381 1464 409 1516 Is
435 1480 494 1515 cum
517 1481 603 1516 uxore
628 1482 793 1528 accurrens,
818 1483 917 1536 magno
940 1467 1020 1519 illum
1044 1464 1150 1517 honore
1175 1461 1292 1529 suscipit

200 1549 228 1591 et
250 1536 385 1607 regaliter
409 1545 523 1586 tractat.
563 1533 603 1585 Ab
628 1551 660 1587 eo
685 1537 823 1588 auxilium
838 1538 926 1606 petit:
958 1536 1006 1588 ille
1023 1533 1169 1587 societatis
1187 1546 1293 1597 merce·¹

201 1604 263 1660 dam
288 1607 369 1658 urbes
385 1602 537 1657 occidentis
554 1620 638 1670 usque
657 1622 676 1655 a
696 1603 866 1674 christopoli
882 1607 1014 1674 postulat.
1049 1605 1168 1657 liecusat
1186 1602 1292 1654 Canta·

200 1694 320 1731 cusenus
336 1688 364 1729 et
379 1674 462 1745 qteasi
473 1691 572 1742 parum
591 1674 740 1741 ingenuum
757 1675 872 1728 honoris
892 1692 926 1727 ue
943 1671 1094 1728 studiosum
1112 1672 1206 1742 tangit
1223 1669 1292 1739 ((3).

200 1746 327 1801 Prudens
345 1747 439 1796 oratio
459 1745 580 1795 Helenae
608 1744 766 1797 erataenae
790 1742 824 1799 de
841 1762 859 1798 a
881 1741 1009 1797 iuvando
1025 1742 1131 1812 hospite
1154 1757 1292 1793 cumcon-

201 1814 309 1868 ditione
326 1812 528 1869 tolerabiliore.
561 1815 629 1881 Imp.
648 1831 762 1866 suarum
779 1817 926 1868 consilium
944 1813 978 1868 de
1000 1809 1202 1872 concedendis,
1219 1826 1292 1879 quae

204 1886 301 1940 Crales
317 1896 406 1956 petat,
424 1880 557 1953 repudiat
576 1881 641 1953 ((4).
685 1884 769 1937 Ambo
810 1899 937 1938 raesente
956 1883 1164 1952 archiepiscopo
1181 1881 1214 1932 in
1232 1897 1292 1932 cer·

201 1968 246 2008 tas
263 1952 439 2009 conditiones
456 1956 563 2009 iurant.
598 1951 638 2003 De
659 1951 756 2007 Chrele
800 1955 905 2007 riballo
926 1955 1001 2007 inter
1016 1966 1162 2024 utrumque
1180 1962 1295 2003 conten·

202 2027 253 2079 tio.
291 2024 347 2077 Cur
362 2027 387 2076 is
405 2020 445 2075 ad
462 2023 570 2073 Crnlem
589 2025 698 2075 reverti
712 2025 844 2077 noluerit·
886 2024 1040 2078 Melenicus
1057 2022 1152 2075 Chreli
1169 2017 1293 2076 deditur.

201 2094 368 2151 libentinam
399 2093 541 2145 castellum
568 2092 669 2159 Syrges
691 2105 817 2165 occupat.
872 2097 907 2145 ln
938 2091 1082 2146 dedititios
1105 2093 1199 2145 saevit
1222 2088 1293 2159 (45).

200 2164 382 2236 Apocauchus
408 2163 545 2230 Polystrli
567 2160 638 2228 quid
659 2166 767 2232 egerit.-
792 2159 863 2236 quid
885 2162 1107 2230 Didymotichum
1132 2161 1293 2230 scripserit:

202 2233 274 2308 quid
290 2254 315 2287 es
334 2249 361 2288 et
376 2251 459 2306 quam
481 2234 609 2285 aculeate
626 2249 662 2289 ac
676 2233 763 2286 libere
773 2250 930 2301 responsum
938 2236 983 2287 sit.
1007 2232 1162 2300 Byzarstini
1173 2227 1295 2282 redeun-

203 2320 255 2359 tem
270 2324 330 2359 cum
343 2301 580 2377 gratulationibus
599 2313 627 2356 et
643 2304 789 2373 plausibus
807 2304 958 2374 excipiunt.
994 2304 1048 2357 Pro
1067 2299 1186 2355 libidine
1207 2299 1292 2368 impe·

202 2389 256 2430 rat.
282 2378 371 2439 Iresia,
381 2393 453 2429 uxor
462 2373 665 2437 Cantucuaeni,
683 2374 852 2447 cumfratre
870 2375 1002 2428 Maauele
1021 2374 1160 2426 intimare
1177 2369 1294 2438 εεε((6).

201 2446 327 2501 Militum
346 2460 373 2499 et
390 2444 488 2497 ducum
500 2442 577 2515 fides
597 2445 770 2513 exploratur.
806 2444 996 2513 Comitopulus
1013 2442 1197 2495 constantiam
1214 2457 1293 2491 suam

198 2530 358 2586 prestetur.
393 2516 517 2566 iuratur.
554 2514 676 2565 Nuntius
694 2514 729 2565 ab
748 2514 917 2583 Imperatore
937 2532 997 2566 cum
1020 2515 1079 2567 eius
1099 2527 1178 2565 cereo
1196 2510 1292 2579 sigillo

201 2588 270 2656 ((7.
306 2582 498 2649 Didymotichi
515 2581 670 2635 suburbani
689 2584 721 2634 in
737 2582 860 2636 urbanos
871 2588 1029 2653 insurgunt.
1063 2582 1223 2652 Fugantur.
1257 2578 1295 2630 In

202 2656 318 2722 exilium
343 2654 536 2708 voluntarium
556 2651 730 2719 concedant‚·
757 2669 850 2704 eorum
880 2651 975 2705 domus
998 2652 1185 2706 destruuntur.
1220 2649 1294 2716 Epi·

202 2729 280 2794 scopi
293 2724 460 2777 vaticinium
472 2734 588 2774 eventus
598 2722 707 2793 probat.
746 2723 774 2775 T
770 2723 887 2775 riballos
893 2724 990 2793 princi
1007 2741 1035 2775 es
1044 2719 1173 2791 promissi
1187 2717 1294 2771 anxilii

201 2797 341 2867 poenitet:
359 2790 478 2846 obsidem
499 2794 690 2845 Cantncuzeni
705 2791 796 2860 filium
811 2806 948 2862 poscunt.-
974 2744 1090 2845 [iberus
1103 2790 1196 2850 filiam
1215 2806 1293 2840 suam

204 2866 263 2919 eius
286 2864 350 2936 filio
371 2865 531 2931 desponsam
565 2866 640 2932 cupit
663 2862 731 2932 (48).
767 2865 921 2933 Imperator
937 2880 996 2916 cum
1018 2859 1206 2915 auxiliaribus
1226 2858 1293 2911 Tri-

205 2936 289 2987 ballis
314 2931 386 3007 quid
406 2930 484 3002 apud
499 2932 601 2984 Pheras
625 2934 723 3001 egerit.
755 2933 854 3003 Syrges
872 2931 912 2985 ad
926 2946 1062 3002 sceptrum
1080 2931 1225 2982 Armeniae
1241 2946 1293 2980 vo·

203 3018 294 3060 catur.
329 3002 515 3056 Pheraeorum
525 3000 684 3056 obstinatio.
714 3002 829 3056 ldorbus
841 3004 873 3055 in
885 3005 1011 3056 exercitu
1024 3003 1123 3053 multos
1133 3000 1293 3068 exstinguit.

206 3073 396 3144 Christopolin
418 3068 590 3141 praesidium
609 3072 644 3125 ab
662 3072 827 3142 Apocaucho
844 3073 973 3125 mittitur.
1008 3069 1054 3123 Ad
1073 3071 1209 3124 Triballos
1230 3068 1293 3120 abi-

204 3145 341 3197 turientes
349 3144 498 3214 praeclara
512 3143 691 3211 Imperatoris
709 3144 818 3197 concio.
855 3143 973 3195 Romani
989 3143 1189 3196 tumultuantes
1199 3140 1294 3191 incre-

201 3227 316 3285 pantur.
357 3214 475 3266 Plurimi
504 3212 690 3283 Chrs'stopolin
715 3230 743 3264 se
763 3212 916 3283 conserunt.
951 3212 1059 3264 Ducum
1077 3208 1177 3262 ibidem
1193 3210 1293 3280 periu-

204 3285 285 3337 rium.
323 3282 474 3336 lledeuntes
493 3282 647 3350 Imperator
663 3284 779 3352 suscipit
801 3281 867 3352 (49).
908 3279 1067 3336 Eorundem
1087 3279 1186 3333 ducum
1205 3280 1294 3348 impu·

204 3351 273 3406 dens
297 3352 331 3405 de
364 3354 559 3405 Cantacuzeno
587 3350 779 3405 mendacium:
807 3349 873 3405 inde
892 3352 1025 3418 Byzantii
1041 3352 1155 3422 publica
1171 3350 1294 3401 laetitia.

206 3425 284 3488 Quae
303 3436 329 3475 et
347 3435 454 3493 qteanta
473 3424 551 3474 multi
568 3423 629 3473 illic
637 3435 751 3492 propter
762 3423 984 3477 Cantacueenum
994 3423 1170 3491 pertulerint.
1206 3419 1294 3470 Prae-

200 3490 340 3562 fectorum
363 3494 491 3549 saeuitia.
528 3492 640 3544 Factum
664 3492 888 3544 humanissimum
905 3494 1005 3545 Persae
1026 3490 1168 3544 cuiusdam
1187 3490 1218 3539 in
1227 3488 1293 3559 fla-

203 3565 285 3633 gellis
311 3562 458 3614 laceratos.
502 3562 635 3631 impostor
656 3560 771 3633 quidam
793 3581 891 3617 sacrae
917 3581 969 3616 con
983 3560 1086 3616 essioni
1103 3559 1208 3612 illudit.
1248 3553 1295 3610 dd

197 3632 416 3703 fitlsosnuntios
431 3630 522 3685 denuo
534 3635 674 3702 Deiparae
692 3645 816 3702 aguntur
832 3635 942 3703 gratiae
954 3565 1020 3700 ὄσ).
1058 3631 1153 3684 Crales
1169 3631 1291 3748 impera·

204 3705 264 3756 tari
287 3704 423 3772 repetenti
440 3701 572 3755 Edessam
595 3704 689 3754 statim
713 3704 842 3759 restituit.
879 3702 1056 3772 Apocauchus
1073 3701 1186 3771 frustra
1230 3696 1292 3765 idy-

202 3772 353 3826 motichum
378 3787 477 3828 movet.
515 3773 690 3843 Empythium
711 3772 835 3827 obsidet:
852 3771 1013 3840 Scytharum
1031 3773 1146 3823 incursu
1160 3769 1292 3831 territus,

205 3843 391 3896 obsessionem
401 3843 544 3910 relinquit·
580 3843 613 3893 In
629 3841 745 3903 Scythas
760 3843 890 3896 abeuntes
908 3843 1081 3909 Scopelenses
1096 3841 1179 3892 stulte
1198 3851 1223 3891 et
1246 3840 1292 3889 in·

196 3914 288 3983 felici
310 3914 387 3965 exitu
403 3930 431 3964 se
453 3913 585 3984 inserunt.
622 3913 802 3981 Apocauchus
819 3913 886 3967 belli
902 3910 1172 3963 administrationem
1187 3924 1290 3979 genero

205 3984 298 4036 tradit
316 3985 381 4051 (51).
418 3987 499 4034 Anuo
524 3985 688 4052 imperatris
706 4001 724 4034 a
747 3981 829 4036 Crals
856 3985 1078 4035 Cantacuzenum
1100 3981 1186 4048 petit:
1209 3976 1291 4029 urbes

205 4055 237 4105 in
265 4054 418 4118 praemium
442 4052 565 4123 spondet,
610 4053 798 4106 Triballorum
820 4069 963 4121 procerum
989 4048 1235 4104 commemorabilis
1258 4048 1291 4096 in

204 4123 286 4187 illum
300 4122 373 4194 fides
394 4123 459 4192 (52).
505 4124 631 4175 Thessali
647 4142 675 4175 se
699 4121 893 4177 Cantacueeno
910 4122 1062 4176 subiiciunt
1080 4120 1165 4175 ultro.
1201 4119 1290 4170 loan-

206 4209 268 4256 nem
289 4194 422 4264 Angelum
440 4195 480 4248 eis
495 4207 651 4266 praetorem
669 4192 817 4266 praeficit,
844 4209 924 4264 quem
949 4192 981 4245 in
1006 4191 1084 4245 bulla
1103 4185 1290 4245 commendat.-
