2934 4700
240 295 325 408 ⁵98
637 316 919 389 amimam
1280 260 1304 309 ⁸

90 490 120 543 λ.
133 473 358 560 ῦπῖδδμιάτην
384 474 440 541 τόν
468 475 673 559 παρ’ἀκείνοο
699 475 841 540 κίνδυνον
877 477 1055 561 διαφυγεῖν.
1093 469 1260 560 διδβροιαί
1282 497 1316 540 τι

236 573 298 660 γάρ
322 578 444 650 κοιλίας
463 575 616 656 κατέσχον
640 581 785 658 συνεχεῖς
812 575 868 638 καί
892 574 1099 660 περιωδυνίαι
1116 577 1175 638 τοῦ
1194 570 1315 656 στομά-

234 697 317 759 χου,
344 672 399 739 καί
423 666 508 737 duaa
533 669 570 738 τό
599 668 703 756 στόμα
733 674 907 760 φλυκτιδας
935 665 1172 759 ἧνδξηνδηκός.
1211 671 1316 738 καλοῖ

237 770 365 850 ἀδόντες1
388 768 520 838 ἐδόκουν
545 776 772 852 καταπίπτειν,
800 776 864 839 τῶν
882 770 1095 858 περιεχόντων
1122 773 1245 854 όμόνων
1264 795 1317 837 νε-

236 876 431 958 ramosum».
452 877 623 958 δηριαιιαῖς
642 875 678 940 δὲ
695 870 898 957 χρησόμενος
923 875 978 938 καί
1003 868 1122 959 ἑτέροις
1139 865 1336 950 ἀντιδότοις5

236 971 327 1055 μόλις
347 970 383 1036 τό
406 971 579 1037 ἀποθανεῖν
599 973 759 1057 διέφυγεν.
779 970 907 1057 ε’νόσησε
928 973 964 1037 δὲ
985 972 1043 1037 σόει
1062 973 1166 1056 ὀλίγον
1182 969 1315 1057 χρόνον·

211 1066 323 1137 Βοότω
352 1070 393 1137 δὲ
417 1069 589 1156 νενόριιωτο
619 1068 661 1137 τό
680 1073 757 1158 περί
783 1069 819 1138 τό
841 1071 942 1153 στόμα
961 1070 1066 1137 πόντα
1077 1121 1088 1153 ,
1114 1069 1158 1146 uic
1182 1071 1314 1138 ἐπιπολό

234 1174 391 1255 μηδεμιᾶς
411 1170 623 1237 αἰσθάνεσθαι
644 1168 815 1256 ποιότητος.
835 1170 872 1236 τό
891 1173 951 1250 μὲν
971 1164 1028 1236 οόν
1046 1167 1230 1257 δηλητήριον
1248 1192 1316 1235 τοι·

235 1270 336 1356 αότην
355 1265 423 1355 εἶχε
444 1268 502 1356 τη“ν
526 1270 670 1353 δύναμιν.
712 1268 742 1336 οἱ
762 1270 850 1358 φιλοι
870 1272 906 1335 δὲ
927 1271 962 1334 ἐκ
983 1270 1165 1350 Βυζαντίου
1191 1275 1322 1352 βασιλεῖ

235 1369 280 1454 μη
310 1364 448 1456 θαβρεῖν
477 1367 637 1460 παρῄνουν
665 1369 874 1460 Μονομόχρ,
903 1370 984 1435 ἀλλά
1017 1367 1356 1458 praetermittam

237 1461 360 1556 ἄνδρα·
384 1464 469 1535 οότιο
489 1470 548 1556 γὰρ
570 1465 651 1536 εἶναι
670 1473 960 1552 συνεσκευασμένον
979 1469 1067 1556 παρά
1089 1473 1153 1536 τόν
1169 1466 1318 1553 πεμψάν-

235 1593 318 1650 των,
341 1564 415 1635 ἀστ·
429 1565 526 1635 αότόν
545 1573 605 1651 μὲν
628 1569 779 1658 πρότερον
796 1566 905 1636 ἑκόντα
926 1579 1105 1656 παρασχεῖν
1127 1567 1163 1634 τό
1184 1568 1315 1657 φάρμα-

237 1692 308 1751 κον,
331 1668 376 1744 ἀς
407 1663 447 1735 ἀν
471 1671 626 1751 νομίζοιτο
655 1666 767 1746 εὔνοος
788 1667 884 1754 εἶναι,
925 1665 1057 1756 όστερον
1071 1670 1177 1753 μέντοι
1196 1667 1317 1754 προσό-

235 1790 302 1851 γειν
316 1768 424 1851 ἓτερον
442 1770 560 1833 ἐκείνου
579 1771 811 1857 χαλεπώτερον.
842 1769 878 1836 όν
896 1770 1009 1837 αάιίιια
1028 1768 1316 1853 μεταπεμψάμενος

236 1865 254 1930 ό
278 1865 444 1949 βασιλεός,
479 1869 510 1934 εἰ
528 1870 633 1956 ἀληθῆ
651 1870 691 1937 τά
713 1870 788 1958 περί
815 1870 933 1936 ἐκείνου
955 1874 1155 1957 γεγραμμένα
1175 1864 1355 1935 ἔπιπλά-15

235 1989 306 2033 νετο
327 1966 415 2053 παρά
435 1972 496 2034 τάν
518 1972 619 2058 priua
639 1969 698 2057 εἴη.
726 1970 744 2035 ό
766 1973 797 2036 δ’
807 1975 930 2056 ἠρνεῖτο
951 1973 1032 2055 μὲν,
1053 1967 1178 2054 σαθρός
1198 1970 1235 2034 δὲ
1255 1993 1317 2032 πα-

208 2067 362 2154 (λρείχετσ
393 2067 564 2151 ἀπολογίας
591 2069 647 2136 καί
664 2074 733 2149 οἵας
755 2071 1003 2139 ὖποπτεόεσδαι.
1032 2066 1181 2155 βασιλεός
1203 2068 1238 2133 δὲ
1259 2092 1316 2131 κα·

129 2188 134 2205 ·
237 2170 300 2243 κῶς
327 2170 387 2249 μὲν
418 2163 511 2235 odae
540 2172 658 2252 ἐποίει,
689 2172 866 2257 ἀναχωρεῖν
885 2172 921 2236 δὲ
938 2167 1036 2253 μόνον
1054 2171 1178 2235 ἐκέλευε
1196 2164 1252 2231 καί
1268 2164 1315 2250 μη

237 2267 326 2357 edrai
346 2276 486 2333 συνεῖναι
541 2272 597 2335 καί
615 2265 726 2336 αότόια
747 2269 911 2357 ἀνεχώρει.
933 2268 1081 2353 βασιλεὺς
1101 2270 1163 2352 μὲν
1182 2261 1241 2333 οόν
1259 2265 1316 2331 τόν

236 2370 333 2432 πλείω
351 2365 468 2452 χρόνον
489 2371 643 2456 διέτριβεν
663 2373 697 2436 δν
717 2375 917 2461 Σηλυμβρίη,
938 2372 981 2438 tr’
993 2373 1047 2457 &a
1065 2377 1129 2448 τοῖς
1140 2369 1175 2434 ds
1188 2370 1355 2447 Bucar-²0

237 2469 294 2556 τίιρ
315 2471 420 2553 φίλοις
440 2471 652 2552 διαλέγεσθαι.
699 2471 864 2555 Τςοράκης
883 2473 986 2547 tene
1005 2474 1068 2535 τῶν
1086 2470 1250 2551 βασιλίδος
1269 2470 1316 2532 οἰ·

237 2568 351 2648 κενῶν,
379 2569 623 2652 δυσανασχετῶν
650 2567 727 2656 πρός
747 2567 785 2635 τό
805 2568 1007 2654 πραττόμενα
1043 2570 1100 2633 καί
1124 2565 1181 2653 τὴν
1201 2561 1315 2631 τοσσό-

236 2689 296 2749 την
306 2664 472 2748 Ῥωμαίων
487 2670 648 2757 οἷκτείρων
661 2674 892 2755 κακοπραγίαν,
913 2670 1057 2753 σονοράν
1079 2691 1124 2751 τε,
1145 2664 1188 2744 ὥς
1209 2663 1238 2730 οἷ
1257 2667 1318 2746 μὲν

237 2766 272 2829 δν
299 2767 465 2856 Βυζαντίῳ
496 2761 648 2854 ἀρχοντες
695 2762 759 2836 οὔτ’
781 2771 923 2853 ἀπέχειν
946 2766 1026 2858 πρός
1052 2771 1189 2852 βασιλέα
1221 2759 1315 2832 οἷοίτε

237 2951 434 3023 erumpebant,
463 2970 496 3007 no
522 2954 684 3027 ‹senseagin
713 2958 754 3011 vir
783 2955 998 3020 emaroenubur,
1020 2952 1220 3028 propemodum
1240 2953 1315 3006 exei-

236 3021 348 3076 debant.
384 3024 535 3079 'I'heriaeae
552 3036 644 3079 autem
671 2974 844 3098 ιόόοτααιροε
873 3026 1059 3078 antidotorum
1079 3042 1130 3078 usu
1154 3026 1234 3077 vitam
1259 3038 1315 3076 ser·

236 3096 309 3148 verit
337 3095 386 3149 ilie
410 3098 538 3166 quIdem,
565 3115 727 3170 quamquam
751 3099 814 3161 via,
843 3097 891 3150 sed
915 3097 945 3150 in
968 3098 1064 3149 morbo
1082 3097 1234 3167 longinquo
1252 3094 1313 3145 fuis.

237 3165 283 3217 Sic
301 3173 390 3219 sutem
407 3168 527 3235 palatum
546 3176 575 3221 et
590 3168 682 3238 lingua
701 3169 914 3235 obstupuerant,
934 3173 965 3219 ut
983 3167 1030 3219 diu
1059 3168 1166 3219 nulium
1186 3166 1243 3218 cibi
1266 3182 1314 3234 po·

234 3236 355 3289 tionisve
380 3252 503 3305 saporem
526 3241 707 3308 perciperent.
744 3239 886 3292 Venenum
911 3238 1006 3310 itaque
1030 3236 1117 3290 istane
1140 3236 1314 3289 efficientiam

236 3304 343 3359 habuit.
378 3308 479 3361 Verum
498 3310 578 3362 amici
595 3310 722 3375 Byzantio
743 3312 933 3379 imperatorem
949 3307 1118 3373 monebant,
1134 3305 1314 3360 Monumscho

236 3393 273 3428 ne
290 3377 401 3442 fideret,
429 3377 477 3432 sed
497 3379 636 3433 hominem
654 3379 802 3433 devitaret:
829 3381 869 3432 sic
886 3379 959 3431 euim
981 3376 1016 3431 ab
1036 3381 1080 3444 iis,
1098 3377 1146 3449 qui
1164 3379 1315 3437 misissent,

236 3461 287 3516 per
310 3448 463 3517 nequitiam
495 3458 523 3502 et
552 3449 645 3503 dolum
675 3452 854 3513 instructum,
881 3457 913 3501 ut
937 3450 1074 3519 principio
1102 3447 1214 3519 quidem
1243 3447 1315 3498 uitro

236 3530 372 3567 venenum
391 3522 514 3580 offerret,
534 3536 589 3591 quo
615 3520 686 3574 bene
707 3521 779 3573 velte
798 3527 955 3590 putaretur,
990 3529 1053 3590 post
1081 3519 1158 3571 aliud
1184 3519 1236 3570 iilo
1255 3519 1315 3570 exi-

235 3586 330 3639 tialius
355 3587 516 3640 admoveret.
552 3590 703 3658 Imperator
727 3591 819 3643 subito
841 3591 1000 3643 accersitum
1019 3596 1220 3662 percunctatur,
1238 3604 1316 3642 vers·

223 3673 271 3716 xne
291 3658 362 3723 sint,
379 3674 451 3729 quae
469 3659 503 3712 de
522 3657 570 3710 illo
589 3659 623 3710 ab
642 3660 737 3711 amicis
758 3659 921 3720 scribantur,
961 3661 1050 3730 Negat
1081 3670 1109 3714 et
1126 3661 1231 3713 frivolis
1249 3658 1316 3729 qui·

232 3723 347 3781 busdam
366 3731 553 3802 suspectisque
571 3729 733 3783 ratiunculis
761 3746 791 3783 se
818 3738 918 3785 tuetur.
953 3732 1114 3802 Imperator,
1131 3730 1209 3782 nulla
1227 3744 1315 3799 poena

229 3801 380 3871 Imposita,
398 3816 459 3852 eum
477 3799 552 3867 apud
572 3816 600 3853 se
618 3803 676 3870 pati
696 3801 806 3865 noluit,
837 3809 921 3871 atque
941 3809 973 3854 ut
991 3819 1021 3855 se
1038 3801 1199 3855 amoliretur
1217 3801 1314 3861 iussit,

231 3870 307 3937 quod
329 3873 459 3924 continuo
488 3873 560 3924 fecit
596 3873 746 3943 Imperator
764 3874 869 3945 itaque,
888 3879 919 3925 ut
935 3889 995 3925 eum
1013 3873 1108 3925 amieis
1128 3870 1250 3940 Byzantii
1268 3869 1315 3921 lir-

232 3943 299 3995 teris
325 3949 354 3995 et
371 3944 549 3995 internuntiis
575 3943 743 3997 commodius
766 3953 874 4014 ageret,
907 3942 1010 3994 ὼίιιλιιι
1038 3944 1084 3997 Sel
1104 3941 1182 3995 briae
1202 3956 1231 3993 se
1248 3955 1314 3992 con·

233 4015 328 4067 tinuit
380 4012 461 4067 Porro
487 4009 633 4083 Zyracese
660 4015 797 4067 famulitio
824 4014 1021 4085 imperatricis,
1053 3961 1100 4066 ειά
1124 4011 1213 4064 dolori
1237 4014 1315 4061 erant

235 4099 306 4155 quae
331 4084 500 4153 agebantur,
528 4084 631 4157 quique
659 4086 794 4137 Romanos
820 4085 854 4138 de
872 4090 947 4138 tanta
967 4100 1098 4137 aerumna
1116 4085 1262 4143 miserans,
1287 4086 1316 4131 et

234 4151 402 4223 intelligens,
419 4154 561 4208 archontas
594 4172 646 4208 nee
675 4160 802 4210 resistere
827 4155 987 4225 imperatori
1012 4171 1109 4224 posse,
1140 4168 1191 4207 noe
1222 4166 1314 4221 pacem

227 4217 287 4275 'hili
307 4224 409 4293 ῖαοετι,
429 4224 476 4280 sed
497 4242 580 4278 uuum
598 4225 650 4280 hoc
667 4234 773 4284 tantum
791 4228 935 4292 statuisse,
960 4229 991 4280 in
1015 4224 1131 4297 imperio
1155 4220 1313 4286 tammari,
