2934 4700
392 391 402 408 ·
481 357 938 442 annuntiaturum.
1162 336 1249 455 549

102 540 107 553 ·
158 518 196 584 δέ
215 539 247 584 τι
272 514 465 600 τρέπεσθαι,
491 505 551 580 κάν
573 515 658 582 πάνυ
679 502 744 582 τάν
767 514 936 598 βελτίστων
957 508 988 606 ᾖ.
1030 518 1070 583 οδ
1089 518 1152 604 γάρ
1176 525 1398 610 περίΑ.0.ι345

157 621 235 702 μιάς
262 613 396 679 soldaio
425 614 547 681 πόλεων
567 614 627 699 τὴν
651 614 811 704 διαφοράν
831 611 917 705 αὐτῷ
939 614 1019 703 πρὸς
1041 616 1114 697 roric
1137 616 1254 699 ἄλλους

157 711 341 797 Ῥωμαίους
362 707 465 796 εἶναι,
489 708 570 778 άλλά
599 717 689 801 κοινῇ
714 713 790 800 περί
812 715 983 802 συμπάσης
1003 719 1060 802 τῆς
1079 717 1192 805 ἀρχῆς,
1215 709 1254 805 ἧς

160 812 301 901 ιδσπερεί
313 810 485 901 κεφάλαιόν
506 814 572 879 ἐστι
593 813 793 894 Βυζάντιον·
837 806 897 880 κάν
914 813 960 900 μὴ
984 817 1105 882 ἐκείνου
1125 821 1252 904 περιγέ·

139 920 271 1000 ὄνηται,
303 912 452 979 οὐδέποτε
478 908 616 996 βεβαίως
635 908 695 998 τὴν
715 912 886 998 ἡγεμονίαν
907 916 997 991 ἕξειν.
1042 918 1148 1001 Φεραί
1166 918 1203 982 δέ
1222 917 1254 982 εἰ

55 1066 60 1075 .
159 1018 218 1080 νῦν
238 1010 506 1099 προσχωρήσουσι
532 1017 710 1097 Τριβαλοίς,
732 1006 773 1077 ori
793 1016 905 1103 μακρῷ
927 1009 1062 1099 άστερον
1083 1014 1255 1102 άνασωθὴ·

159 1136 272 1179 σονται
300 1110 411 1187 αὐτοῖς
444 1109 750 1197 ἐπιστρατεύσαντος
769 1110 825 1177 καί
844 1105 961 1188 αὐτοῦς
984 1113 1179 1197 ἐπαγομένου
1199 1117 1257 1180 καὶ

161 1208 298 1287 δοάλους
310 1209 368 1276 καί
385 1208 587 1295 συμμάχους.
610 1211 714 1294 οἱμὲν
728 1204 788 1278 οὖν
798 1216 938 1298 Περσῶν
950 1204 1102 1299 ἄρχοντες
1121 1215 1255 1281 τοιαῦτά

160 1334 195 1378 τε
217 1313 362 1376 ἀντεῖπον
381 1310 438 1375 καί
459 1313 582 1378 ἐδέοντο
600 1315 759 1394 βασιλέως
778 1314 873 1400 σφίσι
893 1314 1079 1377 πειβεσθοιι·
1129 1306 1197 1395 ἅμα
1218 1315 1256 1380 di

121 1415 217 1480 εονοιί
236 1407 363 1497 άρμητο
378 1409 407 1505 ιἦ
428 1408 564 1495 στρατιά
585 1403 820 1495 άνοιζευγνάειν.
848 1410 999 1493 βασιλεῦς
1018 1414 1054 1477 δὲ
1073 1411 1146 1477 inei
1164 1406 1347 1501 impuniti

160 1506 309 1597 πράττειν
328 1505 444 1595 ἑτέρως
464 1504 631 1586 άδυνάτως
651 1508 757 1592 ἔχων,
781 1507 934 1596 ἐπέτρεπε
953 1511 1012 1597 τὴν
1029 1513 1063 1589 ἒς
1075 1510 1254 1593 Βυζάντιον

160 1608 325 1680 ἐπάνοδον.
365 1606 438 1674 ἕποι’
459 1609 495 1674 δὲ
515 1601 607 1695 ἧκον,
628 1610 706 1685 roric
724 1632 760 1674 τε
784 1606 948 1692 δεσμώτας
967 1603 1062 1697 εὗρον
1076 1614 1255 1698 α’ποτεδνη·

160 1709 257 1787 νεότας
294 1710 350 1774 καί
374 1706 415 1774 τά
449 1699 532 1774 sitta
565 1704 736 1792 πράγματα
770 1708 805 1774 ἐν
831 1709 961 1799 ἡσυχιζι.
1000 1710 1080 1794 μετά
1115 1710 1178 1798 γάρ
1199 1710 1362 1798 crisitot
1449 1754 1455 1767 ι

160 1811 301 1895 μεγάλου
323 1807 437 1886 δουιιός
456 1807 624 1892 τελευτὴν,
648 1806 704 1873 ἐπί
722 1807 781 1874 δάο
800 1811 855 1874 xci
875 1808 979 1896 τρισίν
1000 1809 1137 1899 ἡμέραις
1155 1836 1255 1898 ταρα-

126 1911 223 1995 ιὸχῆς
256 1909 313 1975 καί
339 1905 525 1993 συγχύσεως
542 1909 766 1993 γεγενημένης,
799 1904 910 1974 ἔπειτα
931 1910 1063 1996 ἠρέμει,
1094 1912 1254 1979 Ἰσαακίον

161 2013 222 2076 τοῦ
249 2005 552 2094 πανυπερσεβάστου
581 2006 642 2092 τὴν
670 2004 777 2092 ἀρχὴν
804 2010 870 2073 τάν
897 2005 981 2074 ὅλων
1006 2012 1255 2095 διαδεξαμένου,

162 2105 376 2195 συνάρχοντος
407 2102 495 2196 αὐτῷ
524 2107 581 2172 καί
599 2102 768 2186 Κιννάμου
787 2110 848 2171 τοῦ
868 2109 1044 2190 μυστικοῦ,
1075 2107 1133 2173 καί
1153 2105 1255 2175 πάντα

162 2203 322 2296 ἔπραττον
347 2205 457 2288 edroi,
485 2203 543 2270 καί
560 2200 762 2291 πατριάρχου
791 2201 898 2292 άσπιρ
925 2201 1078 2293 πρότερον
1098 2208 1258 2290 συμμετέ-

161 2329 275 2393 χοντος
295 2308 352 2393 τῆς
385 2302 577 2391 διοικήσεως.
616 2300 698 2388 μετά
720 2306 757 2370 δὲ
776 2304 834 2390 τὴν
853 2302 993 2390 μεγάλου
1013 2303 1162 2393 τελευτὴν
1183 2307 1259 2372 δου-
1311 2294 1313 2303 ⁴

124 2404 238 2489 ποιὸς,
259 2405 280 2491 ἢ
301 2402 381 2490 γυνη
410 2403 465 2471 τάν
494 2407 633 2469 πλοῦτον
658 2401 764 2470 πάντα
790 2402 913 2489 ἔχουσα
944 2398 1021 2472 ὄντα
1051 2408 1110 2470 oda
1138 2401 1256 2493 ὀλίγον,

164 2507 348 2581 συνειδυίας
366 2503 423 2570 καί
440 2505 495 2591 τῆς
514 2502 677 2589 βασιλίδος
703 2507 761 2570 καί
790 2504 891 2590 μηδὲν
907 2508 983 2590 περί
1002 2508 1065 2571 τῶν
1075 2502 1280 2593 χρημάτωνΒ

165 2602 378 2689 άνοχλοάσης,
401 2602 602 2691 ἀνεχώρησεν
621 2605 667 2679 είς
684 2600 865 2687 Ἐπιβάτας.
907 2606 1031 2687 ἐλέγετο
1061 2606 1097 2670 δὲ
1117 2600 1180 2689 πρὸ
1201 2609 1258 2691 τῆς

165 2706 314 2788 τελευτῆς
331 2701 466 2789 μικρὸν,
486 2701 589 2771 πάντα
611 2697 673 2769 ὅσοι
693 2698 778 2787 εἶχεν
807 2700 1039 2787 δπουδήιτοτε,’
1056 2704 1103 2781 εἷς
1131 2703 1222 2784 Βυζ’
1297 2781 1299 2785 ,
1359 2725 1363 2730 ·

165 2825 233 2869 τιον
255 2804 406 2887 άγαγείν·
427 2801 543 2880 σκοπάς
564 2805 601 2869 di
622 2795 668 2888 ,ἦν
696 2797 804 2892 αὖτηῖ,
825 2802 1258 2888 &committentibus

237 2975 264 3029 9.
280 2969 312 3010 τε
329 2953 393 3012 add.
412 2954 450 3011 M.
522 2973 564 3017 ar.
582 2954 655 3030 μηδλ
673 2957 701 3014 Ρ.

168 3098 294 3173 quamvis
312 3114 329 3148 ο
350 3098 466 3161 timum,
482 3097 612 3151 converti.
648 3098 711 3151 Non
729 3098 803 3151 enim
820 3097 864 3151 illi
883 3115 944 3151 cnm
961 3100 1059 3153 ceteris
1077 3099 1205 3153 Romanis
1224 3098 1259 3152 de

168 3187 225 3222 nna
250 3176 298 3222 aut
343 3167 429 3220 uabus
456 3165 587 3232 urbibus,
615 3167 665 3220 sed
692 3168 727 3220 de
751 3175 812 3222 toto
836 3170 918 3222 simut
940 3171 1059 3241 imperio
1084 3172 1162 3223 litem
1183 3186 1258 3225 erse:

168 3241 247 3293 cuius
276 3239 353 3292 velut
386 3246 470 3308 caput
499 3245 527 3291 et
549 3254 654 3291 summa
682 3239 859 3308 Byzantium:
899 3256 980 3312 quam
1004 3241 1061 3293 uisi
1094 3243 1260 3304 subiecerit,

167 3326 311 3384 nunquam
343 3309 470 3362 stabilem
503 3310 686 3380 principatum
709 3309 878 3364 habiturum.
929 3310 1044 3374 Pheras,
1074 3312 1098 3364 si
1123 3329 1197 3364 nunc
1224 3311 1260 3364 ad

170 3381 194 3432 Τ
197 3381 312 3434 ribattos
336 3379 502 3444 defecerint,
530 3396 587 3433 non
607 3381 694 3432 multo
714 3389 793 3450 post,
810 3381 860 3433 ubi
878 3381 946 3432 illuc
970 3382 1087 3435 moverit
1112 3390 1142 3435 et
1161 3400 1190 3435 se
1208 3399 1260 3452 pro

170 3454 251 3505 sociis
272 3468 303 3505 ac
321 3454 406 3504 servis
424 3467 517 3504 secum
538 3450 664 3514 duxerit,
682 3452 836 3520 recuperari
853 3467 943 3520 posse,
983 3452 1029 3503 Sic
1049 3454 1188 3505 Persarum
1209 3453 1261 3505 du-

170 3529 259 3573 ctores
284 3521 457 3575 adversantes
486 3524 679 3594 imperatorem
702 3524 844 3590 rogabant,
862 3530 893 3574 ut
910 3522 965 3575 sibi
983 3521 1203 3579 obsecundaret:
1222 3526 1261 3576 si-

169 3591 283 3662 mulque
300 3594 436 3645 exercitus
455 3608 488 3643 eo
507 3592 596 3648 redire
615 3592 758 3663 gestiebat
794 3594 945 3664 Imperator
962 3603 995 3646 ut
1014 3592 1085 3645 vidit
1102 3596 1183 3647 aliter
1199 3594 1260 3646 fieri

170 3661 307 3730 nequire,
334 3679 429 3715 manus
454 3662 541 3716 dedit
577 3665 617 3716 Eo
636 3671 667 3715 ut
684 3672 839 3727 venerunt,
864 3665 987 3734 captivos
1006 3664 1069 3716 iilos
1098 3665 1201 3718 occisos
1232 3673 1262 3717 et

193 3733 298 3784 uictum
317 3731 435 3785 civitatis
457 3741 558 3787 sutum
576 3735 747 3788 invenerunt
784 3734 854 3787 Nam
873 3752 934 3785 cum
953 3737 1150 3803 postmortem
1169 3735 1261 3805 magni

171 3751 249 3857 ducis
278 3800 314 3853 ad
335 3800 451 3854 biduum
477 3803 634 3857 triduumve
659 3806 859 3857 tumultuatum
883 3806 998 3866 fuisset,
1026 3807 1130 3858 isaacio
1154 3805 1261 3875 panhy-

170 3872 457 3947 peraebasto,coltega
476 3875 611 3927 cinnamo
630 3876 755 3939 mystico,
765 3892 896 3927 summam
915 3883 1074 3943 capessente
1097 3893 1153 3928 rem
1168 3873 1263 3944 publi·

172 3963 242 4010 cam,
261 3943 448 4013 tranquillitas
472 3952 616 3997 consecuta
643 3951 693 3995 est
737 3946 826 4016 Atque
849 3945 898 4007 hi,
919 3946 1089 4017 patriarcha,
1119 3955 1150 3998 ut
1174 3947 1262 4014 prius,

174 4017 267 4078 socio,
293 4013 526 4082 administrabant
551 4014 651 4067 omnia.
699 4014 762 4067 Post
791 4016 899 4067 obitum
927 4019 1036 4077 mariti,
1064 4018 1156 4084 magni
1184 4014 1262 4069 ducis

173 4099 242 4140 uxor
260 4104 320 4138 cum
342 4085 519 4153 pecuniarum
539 4087 567 4137 vi
585 4084 750 4148 immodica,
769 4085 878 4145 conscia
907 4088 989 4139 etiarn
1022 4084 1193 4156 imperatrice
1211 4103 1263 4139 nec

174 4174 233 4211 eam
250 4155 400 4227 quidquam
439 4171 530 4206 earum
560 4157 645 4225 gratia
673 4154 855 4217 obumbrare,
876 4156 1007 4227 Epibatas
1026 4158 1144 4213 secessit,
1181 4155 1264 4208 Dice-

173 4228 256 4279 batur
280 4236 371 4278 autom
399 4224 577 4294 Apocauchus
602 4226 684 4296 paulo
714 4235 910 4290 anternacum,
935 4226 1072 4298 quidquid
1095 4227 1262 4297 ubicumque

172 4297 290 4354 haberet
308 4298 503 4370 pecuniarum,
521 4297 681 4369 Byzantium
701 4298 851 4354 contulisse
875 4316 908 4354 eo
927 4299 999 4364 fine,
1018 4306 1067 4363 ut,
1087 4313 1148 4350 cum
1169 4306 1263 4353 orten-
