2934 4700
486 293 770 363 ιιιειοιιιιιιιιιι
799 294 854 360 ιιι.
877 295 931 370 ου.
1162 262 1248 351 363

170 447 353 534 κοιμάμενε,
372 448 493 514 πείθειν
512 446 586 532 cepi
603 441 784 530 πράγματος
804 442 946 525 ὁτουοῦν,
968 440 1008 505 οδ
1027 444 1087 507 τοῦ
1101 442 1321 526 πορόποςὰῦ.
1332 440 1398 513 sill

171 552 295 636 καιροῦ.
338 540 378 633 ἦν
402 546 464 634 γάρ
496 569 571 611 ποτε
593 547 724 631 χρόνος,
756 541 802 609 ὅτ’
828 540 888 627 ἐγώ
907 540 1023 627 πολλὴν
1042 540 1119 627 περὶ
1136 544 1173 606 σὲ
1195 539 1254 626 την

171 650 336 730 ον’μένειαν
356 645 628 728 ἐπιδεικνύμενος,
648 647 704 709 κατ’
723 641 766 727 μη
788 639 884 723 μόνον
903 650 973 715 τοῖς
990 642 1033 705 δι’
1051 635 1151 724 όριιοιν
1164 664 1253 721 γινο-

170 751 277 828 μένοις
301 747 424 830 λόγοις,
456 740 538 809 άλλά
558 742 612 807 sul
638 751 705 819 τοῖς
722 741 824 826 χωρίς
843 742 964 806 τούτων
982 737 1131 824 daddus,
1162 734 1252 803 ἐλάν-

153 844 272 910 warns
307 841 425 910 dcccciv
452 845 517 908 κατ’
546 838 686 924 ἐμαυτοῦ
714 841 770 904 κοτ’
796 837 893 924 ῥοπήν
911 836 1049 923 μεγάλην
1069 842 1289 922 προστιθεόςῦ

173 947 216 1031 τῷ
245 946 388 1025 μέλλοντι
415 946 456 1030 τῇ
473 936 606 1023 δυνάμει
625 941 771 1026 χρῆσθαι
790 934 869 1003 κατά
892 939 949 1003 τοῦ
970 934 1070 1002 πολλὰ
1091 936 1255 1021 εόηργετη-

173 1041 280 1118 κότος·
321 1044 479 1123 καίτοιγε
505 1042 563 1107 καί
580 1043 646 1105 κατ’
671 1037 810 1113 ἐκείνους
833 1034 908 1111 τοῦς
927 1032 1059 1120 κοιροός
1078 1035 1138 1118 οόχ
1159 1032 1255 1120 άπαξ,

179 1138 260 1207 ἄλλά
284 1139 340 1205 xus*
358 1139 408 1215 δός
426 1144 483 1205 κατ’
500 1141 568 1226 τρῖς
588 1139 742 1224 ἐπιορκῶν
760 1132 861 1215 ἑάλως
879 1140 936 1201 κατ’
953 1131 1042 1199 δεινοὶ
1064 1131 1257 1214 συσκευαζό-

175 1263 270 1323 μενος
300 1236 379 1304 κατά
407 1243 465 1304 τοῦ
489 1241 546 1305 xci
569 1241 726 1321 βλέμματι
746 1235 833 1325 μόνην
852 1236 1029 1315 δυναμένου
1052 1236 1111 1316 τῆς
1130 1237 1256 1317 μοχδη·

137 1345 249 1425 ιορίοις
269 1335 460 1418 κολάζεσθαι
480 1340 583 1415 ιε’ξίοις.
605 1338 638 1415 ἐξ
659 1330 732 1402 δτου
754 1336 790 1400 δὲ
814 1335 929 1418 καιροῦ
940 1330 1046 1416 τοχοίν
1060 1333 1256 1417 ἐπιτηδείου,

175 1440 233 1503 κατ’
249 1434 354 1502 πάντα
372 1439 428 1501 κατ’
445 1440 525 1500 θεοῦ
545 1432 645 1522 φόβον
664 1436 720 1499 nui
739 1433 942 1516 άνδρωπόνην
962 1427 1148 1517 ἇπέρῥιψας
1176 1433 1258 1495 αἰδοῦ

175 1536 234 1602 κατ’
252 1533 369 1610 πολλάς
388 1532 589 1616 πλασάμενος
610 1530 778 1617 διάβολός,
799 1527 855 1597 τόν
874 1529 1012 1612 πόλεμον
1030 1532 1158 1595 τουτονί
1175 1532 1257 1594 κεκί-

180 1658 275 1720 νηκιις
294 1633 350 1698 τόν
368 1637 491 1698 πολλῶν
511 1630 611 1698 αἴτιον
630 1634 734 1697 κάκιόν
752 1634 810 1697 νῦν
829 1653 864 1695 τε
885 1620 962 1714 άχρι
980 1632 1183 1714 γεγενημένον
1204 1630 1261 1695 καὶ

174 1729 223 1798 ἐτι
253 1730 406 1797 πλειόνων
437 1729 588 1814 ἐσόμενον
615 1730 672 1797 καί
689 1732 886 1815 δεινοτέρων,
919 1728 963 1804 ὥς
983 1729 1067 1815 όροό,
1087 1728 1145 1793 οόκ
1169 1725 1255 1795 ἔστιν

137 1826 239 1920 Ιὸότιγ
259 1832 411 1916 κέχρησαι
429 1834 564 1915 μᾶλλον,
586 1825 608 1916 ἢ
628 1827 819 1914 peltastas*
837 1830 1028 1913 ἐπιορκόαις,
1050 1821 1100 1904 αἷς
1119 1831 1174 1895 κατ’
1192 1831 1257 1893 τοῖν

173 1931 394 2015 συνετωτέρων
419 1927 617 2015 ἐξηπάτησας
636 1925 771 2004 πολλοὺς
791 1929 847 1991 κατ’
873 1930 927 1991 σοι’
946 1920 1139 2011 πορόπεισάς
1158 1948 1258 2012 προσ-

172 2032 258 2113 ἐχειν
286 2032 342 2113 τῆς
369 2028 522 2115 α’ληθειός
547 2020 759 2108 οἰποστάντος,
794 2022 851 2100 οδς
881 2028 984 2102 καλῶς
1011 2028 1109 2091 ποιῶν
1137 2029 1193 2108 τῆς
1220 2031 1288 2090 rel)

172 2129 226 2195 σοι’
243 2126 425 2212 προσούσης
445 2131 597 2212 πονηρίας
617 2130 672 2191 καί
689 2127 747 2212 τῆς
760 2127 889 2202 ἐκείνοις
904 2124 1091 2209 α’βελτηρόοις
1104 2118 1261 2203 άξιιότιιτο

172 2227 310 2311 ἡμεόψω.
360 2221 408 2291 ότι
436 2227 471 2290 δὲ
499 2217 571 2292 οὔτε
598 2225 679 2310 πρός
700 2225 875 2308 ἀπέχθειαν
903 2222 976 2306 ἐμοὶ
983 2271 994 2306 ,
1023 2216 1097 2288 οὔτε
1126 2221 1203 2307 πρός
1222 2221 1258 2288 τό

131 2330 276 2403 ποκοκῦς
297 2330 414 2392 παθεῖν
434 2322 455 2411 ἢ
475 2326 530 2392 καὶ
549 2322 742 2409 ἀποθανεῖν,
771 2327 802 2391 εἰ
827 2316 942 2407 οἷόντε,
976 2324 1080 2389 πάντα
1107 2325 1163 2387 κατ’
1189 2324 1261 2387 δια-

171 2430 229 2514 νοῇ
250 2423 306 2490 καί
324 2424 486 2511 πράττεις,
507 2426 564 2490 οόιι
584 2420 655 2491 οἶδα
675 2423 732 2490 εἴτ’
752 2423 851 2500 αότός
874 2427 920 2500 εἰς
939 2425 1085 2490 τοσοῦτον
1104 2423 1260 2507 άνοισδη-

171 2524 245 2599 σιὀς
264 2518 362 2609 ἥκεις,
385 2524 429 2602 uic
446 2523 528 2607 μετά
548 2524 704 2601 τοσαότος
721 2524 865 2610 ἐναργεῖς
884 2525 948 2590 τῶν
967 2518 1159 2609 πραγμάτων
1179 2521 1258 2585 ‹ino-

173 2623 304 2704 δείξεις,
342 2626 384 2688 δι’
402 2615 449 2689 οἷν
467 2624 543 2708 ἐμοὶ
558 2621 792 2710 πολεμιώτατος
811 2623 950 2710 ἐφάνης,
981 2621 1106 2689 οἴεσθαι
1128 2618 1183 2686 καί
1201 2623 1259 2705 μδ-

173 2830 217 2875 est
245 2822 327 2877 huius
344 2825 484 2895 temporis.
519 2826 606 2888 Fuit,
630 2823 742 2896 quando
760 2839 811 2894 ego
830 2826 873 2878 tni
893 2824 1106 2895 cupidissimus,
1124 2827 1259 2879 sermoni·

172 2893 227 2945 bus
252 2896 306 2946 tuis
329 2902 386 2947 tam
411 2895 545 2959 iniurati,
569 2912 649 2966 qnam
668 2899 752 2949 iurati
769 2896 874 2958 fidens,
904 2895 1024 2965 gladium
1043 2897 1073 2946 in
1091 2904 1191 2949 memet
1208 2900 1260 2948 im·

171 2964 294 3035 prudens
322 2966 417 3018 exacui
427 2991 442 3029 ,·
466 2963 620 3037 magnoque
644 2965 688 3017 illl
714 2966 874 3018 adiumento
907 2981 940 3017 ac
964 2966 1101 3034 praesidio
1126 2967 1184 3030 lui,
1208 2966 1260 3036 qui

170 3035 322 3104 aliquando
340 3036 465 3106 potentia
482 3052 531 3088 sua
551 3043 646 3088 contra
670 3038 775 3106 optimc
794 3038 829 3088 de
847 3050 876 3087 se
894 3037 1022 3088 meritum
1040 3034 1174 3088 abusurus
1192 3043 1259 3089 crat

170 3105 347 3175 Quamquam
365 3115 394 3159 et
411 3108 466 3158 iam
487 3114 547 3157 tum
564 3122 622 3159 non
640 3106 794 3169 semel,sed
813 3105 916 3157 hister
937 3105 1074 3175 peierasse
1092 3112 1122 3158 et
1137 3105 1261 3174 pericula

172 3177 200 3226 ci
225 3175 397 3229 architectari
425 3173 612 3246 deprehensus
639 3192 684 3240 es,
707 3177 758 3248 qul
786 3175 845 3228 solo
864 3175 996 3243 adspectu
1012 3177 1165 3247 nequitiam
1184 3183 1261 3228 tuam

171 3245 255 3314 digne
272 3245 367 3297 ulcisci
387 3248 530 3315 potuisset.
578 3248 619 3299 Ex
636 3264 692 3309 quo
713 3255 807 3299 autem
824 3252 932 3314 tempus
949 3252 1045 3298 nactus
1065 3254 1261 3316 opportunum,

171 3314 284 3368 omnino
311 3324 339 3368 et
361 3318 413 3370 Dei
432 3319 557 3372 timorem
582 3325 610 3368 et
627 3315 769 3369 hominum
788 3315 968 3369 reverentiam
989 3315 1134 3379 abiecisti,
1151 3316 1261 3370 multis·

115 3399 118 3404 ·
171 3402 227 3456 que
251 3387 387 3438 ementitis
405 3386 435 3438 in
457 3402 502 3440 mc
523 3386 681 3440 criminibus
703 3385 757 3440 lroc
773 3386 877 3438 bellum
893 3387 1087 3448 commovisti,
1103 3385 1178 3439 unde
1195 3384 1262 3440 lsno·

170 3462 252 3508 tenus
300 3464 345 3508 tot
372 3457 539 3510 calamitates
562 3461 727 3510 exstiterunt
744 3466 773 3512 et
795 3458 886 3527 plures
903 3458 1104 3528 graviumque,
1120 3465 1154 3510 ut
1168 3457 1261 3522 video,

171 3526 322 3590 exsistent,
344 3543 401 3580 non
427 3537 469 3580 est
491 3526 567 3599 quod
590 3536 647 3580 tam
674 3528 852 3598 frequenter,
881 3543 964 3599 quam
988 3526 1159 3581 mendacium
1178 3536 1264 3599 atquc

169 3596 326 3667 periurium
361 3599 548 3668 usurpaveris:
573 3597 674 3668 quibus
700 3598 894 3668 prudentiores
917 3599 1000 3651 etism
1020 3599 1051 3650 in
1078 3612 1196 3652 errorem
1219 3600 1265 3651 in·

172 3666 281 3718 duxisti
305 3667 405 3719 multos
427 3675 456 3720 et
482 3669 660 3739 persuasione
685 3668 754 3721 salsa
777 3668 923 3732 delusisti,
955 3675 989 3720 ut
1015 3668 1124 3722 deserta
1147 3669 1265 3720 veritate

169 3736 225 3794 cibi
244 3737 443 3793 auscultarent:
462 3737 574 3811 quibus,
594 3746 627 3792 ut
647 3745 739 3792 ottus
756 3740 935 3808 perversitate
954 3745 983 3789 ct
999 3739 1110 3791 illorum
1136 3737 1266 3791 vecordia

170 3806 361 3876 dignissimum
384 3809 456 3871 luit,
485 3811 586 3863 bonam
610 3809 736 3878 profecto
764 3807 919 3861 mercedem
945 3807 1077 3861 tribuisti.
1113 3810 1170 3861 lam
1190 3807 1266 3881 quod

169 3876 254 3940 dieis,
280 3892 336 3929 non
354 3876 418 3930 odio
437 3878 468 3932 in
484 3897 528 3932 me
545 3879 660 3949 aliquo,
679 3895 731 3932 nec
750 3887 781 3931 ut
797 3878 871 3930 male
889 3880 926 3931 sit
943 3876 1032 3941 mihi,
1058 3887 1108 3932 aut
1124 3887 1157 3931 ut
1170 3879 1265 3943 vium,

169 3947 194 4001 sl
209 3947 314 4017 possit,
337 3949 475 4013 amittam,
509 3958 538 4002 te
567 3950 660 4001 omnia
681 3951 801 4019 cogitare
821 3956 850 4001 et
867 3946 974 4011 facere,
992 3951 1086 4004 nescio
1102 3967 1168 4001 num
1185 3956 1264 4000 tanto

169 4022 281 4084 stupore
305 4033 448 4087 oppressus
481 4020 541 4082 sis,
573 4027 605 4072 ut
631 4027 694 4089 post
720 4026 763 4071 tot
786 4026 896 4089 tamque
928 4017 1067 4071 evidentia
1097 4024 1264 4089 argumenta,

169 4085 269 4153 quibus
294 4087 364 4141 milri
387 4087 476 4142 hostis
504 4090 672 4144 deterrimus
690 4089 866 4159 apparuisti,
885 4097 913 4142 te
930 4088 1100 4142 moderatum
1118 4086 1266 4159 quemdam

166 4152 305 4209 homiuem
331 4175 363 4211 se
387 4162 492 4213 mitem
509 4160 661 4223 existimes,
674 4176 709 4214 an
735 4159 774 4211 ita
799 4162 962 4212 veteratorie
979 4160 1065 4244 episse
1082 4165 1111 4212 et
1128 4155 1265 4211 sichemi-

166 4241 235 4283 ιιιιιιι
261 4227 354 4284 oeulos
381 4229 545 4297 iascinssse,
564 4238 598 4287 ut
628 4238 684 4288 tan
713 4231 801 4286 multa
827 4236 932 4285 ettam
954 4231 1073 4299 inermia
1097 4229 1199 4282 scelera
1216 4238 1265 4285 uu
