2934 4700
254 294 337 412 rrl
649 317 932 391 cauuseumnr

102 486 170 547 Ac:
182 471 493 577 ιεηιπαρατραπόντι
512 473 684 555 λογισμῶν,
706 472 787 540 ἀλλά
803 476 910 541 πόσον
926 474 1077 561 πρόνοιαν
1095 473 1266 565 δπσιοόμην
1285 481 1343 548 κατ’

216 569 409 657 υσποοδῆν,
431 562 469 636 τό
487 567 585 653 μόνον
606 569 647 639 τό
665 572 839 655 Ῥωμαίων
859 568 987 654 αόξειν,
1020 574 1101 640 ἀλλά
1123 576 1180 641 καί
1197 580 1342 661 βασιλίδι

246 673 304 737 καί
333 670 394 758 alul
418 668 477 753 τὴν
507 662 611 753 ἀρχην
636 668 808 751 διασιόζειν
829 674 887 739 καί
909 675 1049 759 μηδόνα,
1081 670 1118 740 τό
1148 698 1183 759 γε
1211 680 1258 752 εἰς
1283 679 1343 759 sne

244 763 339 854 ἧκον,
368 769 489 834 ἀδικεῖν
518 771 582 856 ἒᾷν.
632 766 655 834 ἀ
682 773 780 856 ἐχρῆν
808 774 954 858 κάκείνην
983 776 1183 859 σννορῶσαν,
1213 769 1342 863 τάληθῆ

245 872 302 935 καί
319 866 428 933 δίκαια
444 864 626 951 λογίζεσθαι
644 872 720 955 περί
742 873 822 951 ἐμοῦ
844 874 902 936 καί
918 869 965 956 μη
987 866 1086 949 οὕτως
1100 870 1221 959 ἀρόμην
1240 877 1359 941 κατα-5

243 969 463 1053 ψηφίζεσθαι,
494 960 676 1052 ἀνθρώποις
704 974 892 1035 πεισδεῖσαν
921 967 1145 1057 συκοφάνταις.
1200 969 1272 1038 ἐπεί
1306 975 1341 1039 δ’

243 1070 345 1152 ἐκείνη
364 1065 503 1151 τάληθὲς
523 1070 781 1152 παραδραμοῦσα
800 1066 961 1153 προειλετσ
981 1068 1017 1133 τό
1038 1075 1176 1155 ψεῦδος,
1198 1075 1254 1137 καί
1274 1098 1340 1158 μη-

244 1167 300 1233 δὲν
320 1165 510 1252 η’δικηκότα,
539 1164 620 1249 μήτε
642 1165 809 1254 πρόφασιν
827 1173 967 1252 πολέμου
987 1174 1227 1258 παρεσχημένον
1246 1172 1341 1241 ον’δε-

243 1268 341 1349 μίαν,
362 1263 512 1347 πολέμιον
532 1267 716 1352 ἑψηφίσατο
738 1266 821 1351 αάτνὶ
841 1270 901 1334 ’καί
920 1266 1039 1347 πάσαις
1057 1270 1187 1337 πόλεσιν
1205 1268 1340 1357 ἔκη’ροξι

148 1381 178 1439 1³.
186 1362 289 1454 ηηιμὴ
310 1366 483 1448 δέχεσθαι,
505 1359 585 1430 ἀλλά
604 1364 701 1431 παντὶ
718 1369 825 1432 σθένει
839 1373 1003 1451 πολεμεῖν·
1024 1366 1047 1434 ἀ
1065 1369 1144 1452 ἀμΐν
1161 1377 1378 1437 λοσιτελεΐντο

245 1462 326 1551 πρός
345 1463 386 1531 τό
407 1461 551 1551 παρόντα
572 1467 628 1530 καί
652 1465 727 1547 ἐμοί
745 1467 929 1552 συνέδοξεν,
962 1465 1079 1556 ἀνάγκη
1106 1470 1339 1552 συνελαυνόμε-

162 1583 165 1589 ·
241 1588 313 1649 ναι,
336 1561 531 1648 ἐπράξαμεν.
570 1567 628 1650 τῆς
644 1566 705 1647 μὲν
726 1555 790 1631 σόν
802 1565 983 1650 προθυμίας
1001 1571 1093 1634 ἓνεκα
1115 1573 1171 1634 καί
1185 1572 1243 1653 τῆς
1259 1570 1340 1655 περὶ
1395 1597 1398 1608 ’

238 1666 298 1749 ἐμὲ
316 1657 443 1740 εόνοίας
468 1663 607 1751 χάριτας
636 1660 714 1746 iuer
726 1664 843 1742 πολλάς
863 1665 1017 1751 όμολογά.
1042 1669 1164 1733 δίκαιον
1183 1671 1219 1735 δὲ
1233 1669 1335 1755 ἡγοῦ-

237 1790 310 1848 μαι,
334 1762 393 1848 τὴν
412 1763 484 1848 ἴσην
509 1765 566 1831 καί
590 1761 689 1829 αάτόν
708 1766 784 1849 περί
801 1764 889 1847 ἀμάς
916 1763 1170 1850 ἐπιδεικνύμενον
1196 1771 1335 1853 κηδεμο-

166 1879 170 1890 ’
236 1866 330 1944 νίαν,
358 1858 558 1928 ἀσννοίσειν
590 1860 695 1945 οἴομαι
731 1860 810 1946 όμῖν
846 1858 965 1952 ἑκάστην
998 1864 1054 1930 καὶ
1082 1875 1249 1950 παραινεῖν
1274 1864 1372 1932 ualui
1446 1893 1447 1946 η

236 1959 428 2048 ἐπιτρέπειν.
472 1955 511 2026 οό
535 1958 596 2047 γάρ
627 1957 666 2028 ἀν
696 1960 745 2048 εἴη
766 1966 951 2048 φιλοῦντος,
982 1967 1014 2030 εἰ
1031 1965 1094 2030 τεόν
1114 1968 1180 2054 ἰδίη
1208 1991 1238 2031 τι
1258 1962 1337 2048 ἐμοί
1446 2001 1447 2050 ;

236 2059 453 2148 διαφερόντων
471 2064 562 2126 ἕνεκα
583 2065 639 2146 τῆς
656 2064 720 2127 τῶν
743 2055 848 2127 ἀλλων
866 2063 1024 2149 σωτηρίας
1041 2065 1203 2150 ἀμελοίην.
1243 2060 1334 2147 όσοις
1426 2071 1431 2084 ’

234 2162 341 2229 τοίνυν
360 2161 452 2243 όμιδν
471 2160 506 2225 όν
531 2154 584 2236 αἷς
611 2159 671 2243 οόχ
698 2158 879 2227 ἀπόκεινται
907 2158 1035 2229 πόλεσιν
1062 2157 1178 2248 ἦμϊνῆ
1207 2160 1333 2245 κόμαις

235 2257 333 2325 οἰκίαι
351 2262 386 2324 τό
405 2261 466 2325 εἰσι
492 2257 550 2324 καί
571 2260 666 2324 τέκνα
691 2257 748 2324 καί
769 2266 913 2343 γοναῖκες
937 2257 1033 2345 καίἦ
1064 2253 1142 2346 άλλη
1164 2264 1225 2327 τοῦ
1252 2265 1330 2345 βίον

184 2450 187 2455 ⁴
207 2355 384 2445 Βάφορμὴ,
408 2357 448 2423 οδ
466 2357 531 2444 χρὴ
551 2362 608 2444 τῆς
627 2362 673 2436 εἰς
690 2358 775 2443 ἡμᾶς
795 2361 918 2434 εόνοίας
937 2361 1027 2425 ἕνεκα
1047 2361 1190 2426 ἐνταῦθα
1210 2373 1366 2444 caprano

229 2464 384 2553 ροῦντας,
413 2456 452 2524 τά
475 2459 573 2523 οἰκεῖα
588 2457 748 2522 ἀπολόειν.
777 2449 892 2523 ἄτοπον
910 2456 972 2542 γάρ
993 2456 1051 2544 την
1073 2461 1119 2536 εἰς
1139 2462 1196 2541 ἐμὲ
1214 2462 1327 2546 φιλίαν

227 2556 374 2642 μεγάλων
403 2558 509 2623 αἰτίαν
536 2556 616 2637 όμΐν
646 2550 790 2641 όφδῆνοι
812 2560 997 2644 συμφορῶν.
1038 2558 1076 2622 οδ
1097 2556 1159 2643 γάρ
1181 2552 1326 2643 ἀποσχή-

227 2676 337 2723 σονται
353 2653 479 2733 οόδενδς
491 2656 601 2722 δεινοῦ
605 2704 616 2739 ,
633 2652 663 2721 οἱ
683 2653 787 2722 πάντα
808 2646 897 2722 οὗτοι
912 2658 1066 2742 τολμηταί
1084 2660 1141 2723 καί
1158 2661 1241 2744 πέρα
1261 2660 1324 2723 τοῦ·

225 2943 339 3017 quidem
365 2958 487 3015 unquam
513 2942 621 2997 venisse
629 2981 637 3008 ,
665 2942 715 2996 sed
739 2944 770 2995 ln
794 2941 825 2994 id
852 2956 961 2995 omnem
979 2956 1073 2994 curam
1089 2940 1317 3013 diligentiamque

225 3016 395 3079 contulisse,
416 3032 473 3068 uon
492 3014 573 3067 modo
599 3023 707 3089 utrem
727 3015 874 3065 Romanam
891 3013 1104 3082 amplificarem,
1120 3028 1215 3065 verum
1233 3013 1317 3066 etiam

171 3122 176 3141 .
228 3095 261 3140 ut
289 3086 434 3157 imperinm
461 3084 629 3157 imperatrici
656 3087 772 3154 eiusque
799 3082 857 3135 filio
876 3092 978 3135 sartum
996 3091 1099 3136 tectum
1116 3098 1318 3137 conservarem:

223 3172 293 3220 nec,
312 3166 444 3230 quantum
462 3158 492 3209 ln
514 3173 558 3210 me
578 3163 668 3219 esset,
702 3155 759 3205 ulla
787 3152 920 3206 corallici
943 3154 1047 3206 iniuria
1074 3154 1199 3207 sinerem.
1236 3154 1317 3223 Quae

222 3245 285 3280 cum
306 3236 334 3280 et
351 3229 428 3280 illam
448 3242 504 3277 nou
524 3227 669 3296 fugerent,
687 3240 751 3277 vera
770 3225 889 3277 etiusta
907 3223 1003 3278 deme
1030 3226 1149 3287 sentire,
1176 3240 1227 3276 uec
1244 3223 1315 3276 adeo

222 3297 397 3369 sycophantia
416 3294 565 3358 credulum,
587 3296 690 3348 indicta
707 3310 790 3348 causa
809 3293 989 3347 condemnare
1005 3310 1050 3347 me
1068 3294 1221 3363 oportebat
1239 3293 1316 3364 Quia

221 3381 307 3434 vero,
326 3369 478 3439 postposita
493 3366 627 3429 veritate,
645 3366 819 3418 mendacium
837 3366 965 3435 amplecti
982 3365 1081 3417 maluit
1096 3380 1213 3435 meque,
1233 3366 1314 3435 culpa

222 3441 299 3490 omui
325 3445 466 3491 vacantem
491 3444 519 3489 et
539 3435 645 3489 nullam
671 3435 746 3490 bello
773 3451 866 3487 annam
890 3435 1082 3506 praebentem,
1105 3435 1313 3488 hellenismum

221 3508 370 3562 declaravit
386 3516 414 3561 et
433 3505 553 3559 edictum
572 3521 622 3578 per
642 3523 736 3559 omnes
753 3505 834 3559 urbes
859 3506 894 3560 de
916 3521 960 3558 me
985 3504 1156 3558 excludendo
1183 3514 1212 3556 ct
1229 3522 1314 3576 quam

220 3580 353 3631 acerrime
372 3577 555 3649 oppugnando
573 3577 770 3647 promulgavit,
789 3593 860 3648 quae
876 3575 955 3628 vobit
974 3582 1003 3628 et
1025 3575 1094 3628 milri
1125 3577 1156 3628 iu
1181 3590 1312 3647 praesent

216 3648 408 3702 'conducibilia
422 3655 618 3717 apparuerunt,
626 3649 789 3703 necessitate
805 3645 938 3716 compulsi
956 3645 1078 3706 lecimus.
1102 3647 1214 3698 Vestrae
1227 3647 1312 3714 igitur

221 3737 285 3790 erga
312 3737 357 3774 me
386 3726 528 3791 promptae
553 3732 586 3772 uc
611 3718 753 3773 studiosae
775 3717 912 3770 voluntati
937 3716 1061 3787 ingentes
1084 3730 1134 3786 ago
1155 3718 1257 3789 gestias
1281 3721 1311 3767 et

220 3806 340 3861 aequum
369 3790 504 3853 arbitror,
531 3804 575 3842 me
598 3789 659 3861 pari
687 3807 737 3860 pso
759 3788 838 3841 vobis
866 3803 930 3841 curn
961 3787 1126 3852 sollicitum,
1152 3804 1224 3858 quse
1248 3802 1309 3841 oum

219 3863 311 3916 fructu
329 3869 418 3915 vestro
439 3862 583 3914 coniuncta
600 3867 685 3932 puto,
703 3875 735 3913 ea
763 3860 863 3932 cuique
882 3866 911 3911 et
934 3856 1048 3911 euadere
1073 3865 1102 3911 cl
1126 3859 1309 3910 committere.

218 3931 301 3987 Haud
321 3932 395 3986 enim
415 3931 495 3984 amici
513 3932 563 3984 fun
582 3948 642 3984 eres
660 3929 769 3995 officio,
785 3931 808 3982 ai
827 3924 969 3982 commoda
986 3945 1047 3982 mea
1065 3930 1171 4000 priuata
1186 3929 1307 3980 allorum

219 4001 304 4057 saluti
321 4011 386 4056 ante
407 4018 524 4055 onerem.
562 3948 708 4124 Quotquot
728 4016 791 4072 crgo
808 4000 838 4053 in
856 3998 972 4052 urbibus
990 4007 1038 4052 aut
1055 4001 1121 4052 vicis
1144 3999 1225 4052 nobis
1248 4013 1306 4049 non

219 4073 351 4127 subiectis
397 4073 547 4126 omicilium
594 4072 682 4124 abetis
706 4080 735 4125 et
759 4086 857 4124 uxores
882 4086 943 4121 cum
971 4069 1067 4124 llberis
1096 4071 1206 4141 aliaque
1230 4067 1305 4120 vitae
1373 4092 1378 4101 =

219 4143 359 4209 subsidia,
383 4160 441 4196 nou
466 4158 577 4195 necesse
595 4151 637 4196 est
660 4143 705 4194 hle
725 4142 800 4213 apud
813 4159 858 4193 mc
873 4141 1023 4212 perdurare
1041 4157 1073 4192 ac
1087 4139 1236 4193 domestica
1260 4136 1305 4188 di·

217 4213 336 4268 mittere.
372 4213 504 4287 lniquum
525 4214 599 4267 culm
617 4220 647 4266 et
663 4212 812 4266 absurdum
832 4212 921 4274 foret,
940 4228 1073 4276 amorem,
1099 4226 1153 4295 ηαο
1174 4225 1218 4262 me
1235 4207 1304 4260 ‹lili-

220 4285 304 4355 gitis,
327 4285 406 4346 robis
434 4298 558 4358 magnam
579 4298 674 4358 parare
700 4283 857 4339 miseriam
882 4288 945 4337 natu
967 4281 1084 4338 audaces
1101 4281 1148 4337 uti
1167 4286 1196 4336 et
1212 4294 1305 4334 reram
