2934 4700
484 294 768 377 nrs'romsnnn
796 315 852 377 ιιι.
870 321 922 385 ιι.
1191 288 1243 409 η5

159 458 299 547 Ιπόλεων,
323 462 362 527 αλ
378 458 510 547 όπήιιοοι
539 462 695 540 Λατίνοις
719 452 818 548 ἦσαν,
845 461 1082 548 άπεσταλμδνω.
1121 467 1305 557 sirpe-Ati
1317 481 1380 553 1341

155 565 250 644 σβεία
270 563 306 627 δὲ
327 554 384 645 ήν·
423 559 489 641 tut,
506 563 637 645 βὰσιλία
657 563 807 646 γενέσθαι
823 561 943 642 πάντας
962 567 1018 629 ε’πί
1034 567 1079 655 τῷ
1099 573 1163 633 τοόν
1181 570 1269 649 uiro

154 661 293 742 πόλεων,
316 654 356 738 <ir
375 662 580 745 κατέχουσιν,
603 652 700 738 αόθις
719 656 839 739 αότοός
869 662 1083 750 ἡγεμονεύειν,
1125 666 1244 754 φόρους

155 762 193 824 δὲ
213 759 290 837 τούς
312 761 485 845 δημοσίους
504 758 639 842 πάντας,
665 760 722 837 orie
742 764 884 846 πρίγγιπι
903 767 1098 849 παρέχουσι,
1119 763 1244 831 διδόναι

135 865 289 943 ὄβασιλεῖ
309 852 365 926 καί
392 865 499 926 πάσαν
529 852 627 944 άλλην
653 861 892 929 intimatas
920 866 976 928 καί
993 867 1168 949 θεραπείαν
1188 863 1245 931 καί

154 960 314 1043 δουλείαν,
334 957 390 1024 καί
416 956 587 1047 στρατηγόν
609 965 645 1027 ἐκ
670 964 826 1043 βασιλέως
844 960 944 1046 ἔχειν,
976 963 1036 1050 ὑφ’
1056 955 1243 1052 ᾦτελίσου-

152 1082 205 1123 σιν
233 1054 353 1136 ἑκόντες
372 1055 496 1135 πάντες.
537 1062 558 1146 ἦ
577 1064 638 1143 μὲν
658 1053 715 1126 οὖν
733 1067 796 1127 τοῖν
815 1065 851 1129 ἐκ
872 1058 1117 1146 Πελοποννήσου
1139 1067 1242 1129 Λατί-

153 1181 217 1223 νων
235 1158 389 1242 πρεσβεία
408 1157 537 1244 τοιαύτη
551 1153 601 1245 ήν.
645 1159 818 1246 γράμματα
839 1163 875 1227 δὲ
895 1158 950 1225 eui
968 1157 1048 1246 πρός
1067 1159 1122 1227 τόν
1140 1163 1241 1246 μέγαν

155 1257 339 1337 δομίσταιον
366 1257 589 1345 πεπόμφασιν,
617 1257 640 1323 ά
659 1258 772 1343 ἐδήλου
791 1261 913 1325 τοιάδε·
954 1259 998 1336 ὥς
1018 1258 1130 1336 πάντες
1150 1261 1242 1326 aeirus*

114 1349 219 1451 ηοάπό
238 1354 456 1445 συνθήματος,
477 1354 524 1424 ἔτι
545 1355 704 1444 περιόντος
729 1361 895 1441 βασιλέως,
915 1357 1140 1441 βουλεύσαιντο
1161 1360 1238 1424 άπα-

159 1458 285 1537 στάντες
310 1460 476 1545 πρίγγιπος
495 1460 602 1548 διαίνιρ
621 1468 817 1545 προσχωρεῖν
835 1456 891 1522 καί
909 1450 970 1542 ήδη
991 1461 1026 1524 ἐν
1045 1458 1237 1545 ἐπιχειρήσει

157 1549 239 1643 ἦσαν
256 1561 314 1623 τοῦ
334 1554 481 1644 πράττειν
498 1555 538 1623 τά
565 1560 810 1641 βεβουλευμένα.
851 1560 924 1624 ἐπεί
945 1559 981 1622 δὲ
999 1562 1133 1640 βασιλέα
1154 1571 1266 1625 rus-c

155 1655 327 1742 λευιηιιότα
346 1654 513 1737 πόθοιντο,
535 1658 729 1740 α’πογνόντας
747 1654 803 1741 τήν
823 1658 1027 1742 ἐπιχείρησιν,
1050 1648 1146 1732 αὖθις
1162 1658 1237 1744 ήρε-

151 1764 235 1837 μείν.
277 1755 434 1840 Παγάνου
456 1759 491 1822 δδ
509 1751 729 1839 Ντεπιστόγια,
752 1753 913 1840 συνήθους
932 1755 1042 1830 αὐτοῖς
1062 1757 1095 1830 ἐς
1115 1754 1153 1822 τά
1173 1756 1235 1838 μά-

115 1860 243 1937 ιὸλιστα
264 1854 322 1921 καί
338 1858 449 1942 φίλου,
479 1853 571 1943 ὀλίγην
601 1852 753 1939 πρότερον
780 1857 815 1920 ἐκ
842 1855 1023 1943 Βυζαντίου
1044 1855 1235 1941 ἀφιγμένου,

148 1952 205 2019 καί
231 1958 297 2020 τοόν
324 1954 517 2041 πραγμάτων
543 1956 650 2019 πάσαν
678 1953 738 2039 τήν
767 1952 872 2039 άρχήν
899 1958 955 2019 καί
980 1951 1036 2039 τήν
1068 1951 1236 2040 ήγιμονιαν

148 2052 212 2118 ent
224 2059 262 2119 σὲ
278 2052 520 2138 α’παγγειλαντος
533 2061 641 2137 τελεῖν,
662 2048 760 2129 αὖθις
774 2051 984 2131 συνελθόντας
997 2050 1115 2129 πάντας
1135 2052 1235 2138 ἡμᾶς,

147 2153 188 2219 τά
202 2154 374 2235 δεδογμένα
386 2150 537 2239 πρότερον
550 2156 820 2239 ἐπιψηφίσασθαι,
842 2155 882 2216 oo
892 2153 985 2234 μόνον
998 2151 1050 2216 διά
1067 2150 1125 2236 τήν
1147 2147 1235 2235 styr-

148 2276 235 2318 νειαν
245 2249 443 2338 τῶντρόπων
454 2252 551 2319 suisti
562 2251 721 2320 δόνασθοι
731 2254 847 2334 ου’τοῖς,
857 2243 897 2317 άν
907 2247 1136 2334 tirociniorum,
1149 2250 1235 2333 α’μό-

109 2378 232 2436 αονειν,
261 2354 329 2419 ἀλλ’
353 2349 401 2418 ὅτι
424 2359 479 2418 ταί
497 2353 597 2421 πολόν
617 2345 679 2440 ήδη
700 2351 816 2440 χρόνον
823 2403 834 2436 ,
874 2354 975 2417 καίτοι
1000 2352 1095 2436 μήπω
1122 2375 1235 2417 συντυ-

148 2451 276 2537 χόντες,
308 2452 454 2532 εόνοήκάς
478 2478 530 2519 σοι
557 2454 745 2536 διακείμεθα
772 2456 828 2518 καί
847 2454 968 2540 φιλίως.
1020 2457 1054 2530 ε”ξ
1078 2445 1152 2517 ότου
1171 2450 1238 2561 γάρ

147 2553 385 2641 ἔνἈιιαρνανία
405 2559 534 2634 βασιλεῖ
549 2549 851 2639 συστρατευόμενος,
873 2562 938 2628 τοῖς
958 2554 994 2617 ἐν
1016 2551 1235 2640 Θωμοκάοτριρ

147 2653 223 2734 παρ’
255 2650 343 2735 ἡμῶν
363 2651 443 2717 κατά
464 2655 651 2735 συμμαχίαν
671 2654 856 2737 ἀφιγμένοις
878 2648 1065 2737 Νικηφόρον
1099 2655 1155 2715 τοῦ
1183 2652 1237 2714 δε-

149 2746 268 2823 σπότου
287 2748 400 2826 παιδός
428 2751 506 2839 πρός
526 2754 636 2837 λόγους
656 2752 759 2819 ἐλθών
779 2750 897 2833 αότός,
919 2756 1032 2838 φιλους
1052 2754 1125 2818 α’ντί
1144 2756 1231 2815 πολε·
1242 2770 1265 2823 o

149 2909 261 2963 Summe
278 2910 422 2982 legationis
441 2921 513 2967 erut:
530 2912 601 2967 veile
617 2930 710 2966 omnes
732 2912 891 2984 imperatori
914 2912 1043 2976 subesse,
1075 2926 1106 2961 eu
1132 2910 1233 2964 condi-

148 2981 241 3045 tione,
262 2989 294 3033 ut
311 2983 412 3052 quibus
431 2990 587 3053 praeessent
601 2983 730 3047 urbibus,
748 3001 792 3036 ees
813 2982 927 3053 posthoc
954 2984 1036 3034 etium
1066 2982 1233 3045 retinercut;

147 3052 289 3120 vectigalis
311 3061 401 3106 sutem
421 3052 549 3122 publicu,
568 3071 639 3124 quse
657 3054 788 3108 haetenus
806 3053 924 3122 principi
946 3052 1110 3115 solvissent,
1139 3067 1171 3104 eu
1203 3050 1234 3101 in

147 3132 289 3190 posterum
306 3124 466 3192 imperatori
484 3125 653 3194 penderent:
674 3129 747 3178 omni
767 3132 906 3193 praeterea
927 3137 1025 3193 genere
1044 3120 1234 3174 observantiae

147 3201 176 3244 et
192 3193 373 3247 subiectionis
391 3213 454 3247 eum
483 3194 605 3247 colerent
623 3203 650 3247 et
680 3196 793 3258 ducem,
820 3195 864 3245 cui
883 3210 977 3247 omues
999 3198 1096 3262 sponte
1125 3191 1235 3243 obtem-

170 3274 295 3328 erurrnt,
315 3264 350 3315 nb
370 3283 402 3317 eo
420 3268 581 3335 acciperent
620 3268 778 3321 Latinorum
796 3265 1025 3333 Peloponnesiaco
1044 3261 1145 3332 legatio
1167 3261 1230 3314 tulis

146 3279 206 3386 iiie
227 3335 303 3403 Quin
320 3336 425 3388 litteras
442 3354 552 3407 quoque
566 3335 601 3387 ad
614 3353 740 3407 magnum
758 3335 936 3389 domesticum
955 3332 1100 3396 dederuut,
1119 3333 1149 3385 in
1167 3335 1232 3402 qui·

144 3402 196 3455 bus
211 3413 271 3457 eret
283 3407 423 3476 seriptum,
441 3407 531 3459 adhuc
547 3408 606 3458 vivo
623 3408 686 3475 imp.
702 3424 796 3459 omnes
810 3425 843 3459 ex
856 3407 1006 3475 composito
1020 3422 1035 3456 ο
1047 3403 1172 3474 principe
1185 3403 1234 3456 de·

144 3474 266 3527 frenone
281 3476 361 3540 facts,
377 3475 412 3532 τό
423 3495 483 3530 eum
500 3496 528 3531 se
541 3478 689 3548 adiungere
703 3478 820 3530 voluisse
835 3485 863 3529 et
876 3478 931 3529 inm
946 3476 981 3527 ssi
992 3477 1110 3542 cogitatu
1121 3474 1232 3543 perfici·

145 3544 215 3597 ends
230 3563 375 3666 oppressos.
394 3549 449 3601 Sed
464 3555 495 3599 ut
506 3564 568 3604 eum
583 3547 729 3601 decessisse
736 3550 926 3618 compererint,
941 3563 970 3599 re
985 3545 1137 3615 desperato,
1150 3545 1232 3615 quie-

144 3617 223 3667 visse.
269 3634 355 3685 ugano
369 3627 460 3673 eutem
474 3617 590 3689 Pistogiu
603 3618 669 3690 ipsis
682 3621 845 3671 amicissimo
859 3634 891 3669 se
903 3616 1114 3671 familiarissimo
1127 3617 1231 3683 Βγιιιιι-

144 3686 184 3738 tio
205 3689 348 3753 veniente,
371 3706 557 3760 summamque
573 3690 681 3759 imperii
702 3698 731 3741 et
749 3690 931 3760 principatum
950 3691 980 3740 in
997 3689 1056 3741 eius
1072 3703 1151 3738 menn
1172 3700 1231 3737 esse

143 3759 332 3823 renuntiante,
351 3776 456 3811 rursum
476 3776 570 3811 omnes
587 3762 745 3816 convenisse
765 3768 795 3814 et
817 3762 893 3829 prius
917 3758 1025 3811 decreta
1043 3758 1231 3821 eoufirnmsse3

142 3842 200 3878 non
215 3826 303 3880 solum
318 3836 430 3899 propter
446 3846 551 3882 morum
567 3831 626 3882 eius
640 3830 837 3898 ingenuitatem
857 3839 885 3882 et
895 3828 970 3899 quod
985 3829 1051 3895 ipsis
1071 3832 1166 3878 eontra
1181 3825 1233 3877 ho·

142 3905 197 3950 stes
207 3898 365 3967 ingruentes
377 3917 454 3967 opem
464 3902 535 3953 serre
548 3909 645 3970 queat,
663 3901 712 3954 sed
721 3900 796 3972 quod
806 3904 873 3952 item
884 3899 1053 3969 iampridem,
1065 3913 1231 3968 quamquem

142 3966 267 4019 nondum
284 3986 374 4024 eorum
390 3971 514 4033 allocuti,
530 3988 663 4040 propensu
676 3971 705 4023 iu
718 3988 780 4023 eum
793 3972 932 4024 voluntate
949 3970 1099 4022 extiterint
1117 3966 1158 4019 Er
1174 3983 1230 4035 quo

144 4055 204 4090 narn
227 4055 262 4090 ne
280 4042 309 4093 in
330 4039 508 4109 expeditione
526 4043 691 4094 Acarnanicu
709 4042 774 4110 imp.
793 4041 914 4110 college,
929 4055 992 4092 cum
1010 4041 1062 4103 iis,
1081 4055 1148 4108 quos
1174 4035 1228 4104 ipsi

145 4107 178 4160 nd
199 4056 428 4163 ihomoeaurum
445 4110 600 4181 Nicephoro
620 4111 751 4181 despotne
771 4111 829 4162 ίιΙίο
848 4114 882 4162 ud
901 4109 1053 4163 subsidium
1079 4109 1228 4167 misissent,

148 4193 298 4233 sermonem
318 4181 472 4235 miscuisset
489 4199 521 4234 er
540 4182 721 4254 hostibusque
740 4186 840 4234 amieos
859 4181 984 4244 iecisset,
1011 4187 1039 4233 et
1064 4178 1126 4229 iilos
1151 4175 1229 4228 dein-

146 4262 207 4320 nepe
224 4260 385 4325 perpetuum
405 4252 430 4306 ci
448 4254 670 4311 benevolentiam
689 4269 878 4317 conservasse,
896 4261 924 4310 et
942 4252 1038 4306 ceteris
1058 4249 1144 4300 multe
1170 4246 1230 4320 eri-
