2934 4700
463 316 749 385 ιιιειοιιιιιισιι
778 324 835 385 ιιι
863 322 897 390 ε.
1178 292 1233 407 37

152 468 320 553 φδαρται,
339 463 397 532 καί
415 458 486 535 aira
505 471 616 557 patriae
632 468 729 558 χάρις
751 465 993 555 ούδεμίανελται
1012 476 1088 558 παρ’
1108 465 1377 558 tiniosi-tcum

152 591 244 651 ποις,
263 558 333 633 οὔτ’
354 561 507 654 ἀληθειας
524 571 614 652 μδλει
632 569 690 637 καὶ
708 571 909 658 δικαιοσύνης
928 572 1050 638 odissi·
1080 574 1238 657 λογισμῶν

150 691 186 733 τε
205 665 378 753 περ’(ύύτης
398 665 520 752 οὔρειον
533 672 568 735 ds
582 673 645 737 τάν
664 668 843 756 ἀνθρώπων
863 673 919 737 καί
937 670 1115 757 συλλήβδην
1135 671 1236 738 πάντα

151 764 285 850 ἀγαθοὶ,
305 768 338 833 εί
354 763 394 851 δη
417 763 551 853 ὅμίνας
570 770 754 852 δομίστιιιος
773 765 878 857 ὥσπερ
899 768 934 836 ἕν
953 793 1037 847 τινος
1057 772 1238 846 ἀντιπνοιας

131 865 386 943 beses-rideam
410 863 516 958 ἓαντηῖ
547 873 657 957 φανείς
676 868 734 936 καί
751 875 808 955 τῆς
825 871 885 952 μὲν
905 872 1015 958 φιλίας
1034 872 1239 955 ἐπιλελησμέ-

150 986 205 1040 νος
225 968 400 1050 βασιλέως,
428 966 589 1053 ἀμελήσας
615 971 652 1035 δὲ
672 972 729 1035 καί
742 973 801 1054 τῆς
818 969 906 1059 αύτῷ
925 965 1140 1055 προσηκούσης
1160 969 1238 1053 ἀλη·

147 1062 242 1141 §sebe
260 1065 319 1130 ιιαί
334 1062 537 1153 δικαιοσύνης
555 1067 610 1133 καί
629 1073 811 1156 φιλοτιμίας
829 1070 893 1135 τάν
911 1072 1039 1151 καλῶν,
1058 1061 1156 1144 αύτύς
1177 1068 1239 1149 μδν

146 1163 310 1244 »ἐσκέψατο
342 1163 571 1255 ἀπραγμοσύνη
590 1165 642 1233 τὸν
661 1170 823 1235 ἐπιλοιπον
841 1171 912 1252 βίον
933 1170 1009 1257 ζῇν,
1051 1168 1109 1250 ἐμὲ
1129 1169 1165 1234 δὲ
1183 1167 1242 1234 καί

150 1264 281 1349 παῖδαςΙ
298 1261 375 1341 τούς
401 1262 499 1347 ε’μούς
524 1269 641 1351 πολλῆς
667 1266 741 1332 νυνί
770 1270 828 1352 τῆς
857 1269 1042 1352 κηδεμονίας
1072 1269 1240 1350 δἐομίνοος

111 1355 256 1448 ιούσπερ
270 1387 302 1428 τι
322 1358 423 1450 βάρος
443 1359 588 1451 ἀνόνητον
606 1366 814 1453 &spirbaum
840 1370 897 1431 καί
920 1368 1102 1449 antitanes,
1131 1360 1237 1452 ἀσπερ

151 1460 328 1546 Ιἀγνοήσας,
355 1462 388 1527 εἰ
405 1459 522 1549 δήποτε
550 1462 606 1530 καί
624 1463 754 1551 μορφὴν
774 1465 865 1549 ἡμῶν
885 1462 964 1548 ἔγνον
984 1458 1006 1549 ἢ
1025 1466 1103 1551 ἀκοῇ
1123 1472 1266 1550 nuper-1)

153 1559 249 1647 ληφει
276 1560 318 1626 τύ
346 1564 421 1628 καθ’
451 1559 547 1648 ἡμᾶς.
589 1559 674 1630 ούτοι
703 1567 740 1631 δὲ
759 1562 793 1631 τύ
815 1558 931 1653 ἀφιλον
952 1554 1007 1649 τῆς
1035 1566 1094 1648 σῆς
1112 1562 1238 1650 γνώμης

153 1664 210 1725 καί
228 1651 365 1727 ἀστατον
384 1661 441 1727 καί
458 1665 610 1746 ἀβέβαιον
629 1664 879 1748 σεηλιτεύσασα,
900 1665 934 1729 εἴ
949 1686 985 1746 γε
1005 1663 1166 1746 συμβαίη,
1186 1660 1242 1727 καί

152 1761 340 1844 τεθνήξομαι
360 1761 479 1844 ἡδέως,
508 1759 596 1846 παραὶ
617 1766 677 1829 σού
700 1766 792 1839 δίκας
820 1759 978 1849 ἀρκούσας
991 1762 1065 1844 ἐμοὶ
1083 1764 1237 1843 λαβοῦσα.

113 1861 205 1926 attat
223 1858 346 1937 τούτοις
366 1863 401 1926 at
422 1864 520 1927 πᾶσιν
539 1854 636 1941 αὖθις
653 1864 714 1928 σού
734 1865 869 1945 δέομαι,
890 1863 990 1947 μηδὲν
1009 1867 1236 1948 παρενοχλεῖν,

151 1956 235 2022 ἀλλά
262 1962 326 2024 τάν
343 1983 377 2024 τε
398 1956 499 2044 λύγων
519 1963 720 2045 ἀποσχέσθαι
741 1965 873 2029 τουτωνί
899 1964 956 2027 καί
972 1959 1013 2027 ad
1035 1965 1146 2028 δέοντα
1166 1982 1238 2025 ποι·

149 2064 219 2139 εῖν,
240 2054 346 2143 αύσπερ
368 2062 504 2145 ίξαρχῆς
523 2059 674 2143 ἐχόμενον
693 2064 757 2128 τάν
775 2059 982 2147 πραγμάτων.

236 2156 272 2222 ε’.
316 2164 456 2225 Τοιαῦτα
476 2163 535 2242 μὲν
556 2160 787 2247 ἀπεκρινατοῆ
815 2160 943 2244 βασιλὶς
970 2163 1004 2239 ἐξ
1025 2153 1104 2243 ἀναν
1125 2152 1329 2241 dirui-9363

150 2279 212 2342 σης
244 2259 301 2321 καί
326 2259 525 2346 ύδονοσμένης
549 2263 667 2345 ψυχῆς.
709 2258 847 2343 δμίγσς
875 2262 911 2324 δὲ
931 2261 1113 2341 δομίστικος
1133 2252 1238 2339 ὥσπερ

109 2358 361 2441 αοίλεγχόμενος
381 2357 478 2438 αύτύς
498 2360 556 2448 ύφ’
575 2357 693 2426 ἑαυτοῦ
699 2410 710 2441 ,
741 2357 785 2435 ἀς
805 2356 913 2425 διἀαιά
932 2383 967 2425 τε
989 2356 1070 2440 ὃμού
1089 2357 1146 2422 καί
1162 2379 1241 2440 προ-

150 2452 289 2541 σηαοντα
316 2460 509 2545 ἐφθέγξατο,
537 2461 594 2524 ιιαί
616 2460 717 2544 μηδὲν
744 2452 915 2542 ἀντιλέγειν
934 2455 1020 2543 ἔχων
1039 2452 1120 2542 πρὸς
1139 2449 1240 2529 ούτιος

152 2555 315 2637 ἀπόδειξιν
333 2561 450 2645 ε’ναρηη
470 2562 526 2644 τῆς
545 2561 713 2645 ἀληθειας,
734 2556 816 2644 πρὸς
834 2555 1033 2644 πατριάρχην
1044 2558 1103 2639 μὲν
1123 2556 1263 2641 ἑφθόν-Β

153 2662 230 2737 ξατο
249 2660 360 2742 ον’δὲν,
381 2656 575 2746 παρολαβάν
595 2663 631 2729 δὲ
653 2657 770 2741 αύτύν,
801 2657 931 2726 εἴσεισιν
950 2659 997 2734 είς
1014 2655 1177 2741 βασιλίδα.
1217 2652 1239 2740 ἦ

229 2839 267 2877 ιο.
283 2821 463 2896 ἀπερῤίινατσ
481 2825 528 2891 V.,
545 2824 723 2897 ἀπετρίψατο
740 2824 767 2879 P.
786 2833 814 2878 et
831 2824 866 2877 Μ.
942 2840 947 2854 ·

155 2978 218 3040 lia,
240 2979 410 3042 summatim,
436 2978 507 3032 bona
534 2981 625 3032 omnia
650 2979 685 3030 ab
709 2977 867 3031 homiuibus
885 2977 1084 3044 demigrarunt:
1102 2971 1240 3046 siquidem

154 3064 267 3119 maguus
292 3048 456 3116 domesticus
481 3067 530 3101 ceu
560 3059 642 3102 rento
662 3049 775 3101 reflante
793 3050 906 3100 sibimet
925 3065 958 3100 er
977 3046 1110 3097 diametro
1128 3052 1241 3096 contra-

154 3119 212 3171 rius
240 3120 343 3180 erasit,
372 3129 400 3171 et
422 3121 577 3182 amicitiae,
604 3136 675 3189 quae
700 3120 744 3170 illi
770 3136 830 3170 cum
856 3120 1022 3187 imperatore
1041 3113 1241 3177 intercedebat,

155 3188 274 3249 oblitus,
293 3190 489 3261 neglectaque,
507 3190 581 3261 quod
599 3190 712 3242 minime
732 3189 863 3250 decebat,
891 3190 1006 3240 veritate
1034 3194 1117 3254 atque
1136 3185 1242 3235 iustitia

154 3267 183 3311 et
201 3257 355 3312 honestatis
382 3278 471 3312 amore
491 3259 662 3328 posthabito,
689 3262 748 3327 ipse
768 3258 899 3328 quidem,
917 3255 993 3329 quod
1011 3261 1135 3324 superest
1152 3271 1239 3306 auno·

155 3346 229 3392 rum,
248 3347 297 3398 per
314 3332 442 3383 inertiam
461 3331 604 3383 traducere
621 3331 781 3382 coustituit:
804 3347 848 3380 me
865 3335 956 3381 autem
980 3326 1138 3395 liberosque
1164 3339 1238 3374 meos
1328 3371 1330 3376 .

153 3416 228 3452 nane
246 3400 337 3451 aliena
356 3410 384 3452 et
401 3402 486 3453 multa
504 3399 681 3453 solicitudine
699 3400 865 3468 indigentes,
885 3398 923 3451 ita
942 3396 1058 3467 reliquit
1073 3412 1105 3447 ae
1125 3397 1147 3446 si
1168 3410 1238 3446 onus

152 3469 255 3523 inutile
276 3471 418 3524 reliceret:
437 3471 513 3541 quasi
535 3473 653 3524 nesciret
663 3497 679 3535 ,·
691 3470 790 3541 ecquid
811 3485 930 3540 uuquam
945 3484 994 3520 nos
1011 3466 1046 3518 de
1060 3465 1130 3518 faeie
1146 3474 1240 3517 nosset

152 3547 201 3592 aut
219 3556 263 3592 res
281 3552 387 3594 nostras
404 3543 515 3594 auribus
536 3542 693 3611 accepisset.
712 3542 759 3593 Sie
775 3540 895 3592 animum
912 3546 990 3590 tuum
1006 3554 1022 3589 a
1040 3534 1154 3588 colenda
1171 3536 1241 3586 ami·

153 3610 221 3663 eitia
238 3610 358 3664 alienum
378 3619 406 3663 et
427 3613 638 3665 inconstantiam
656 3619 732 3664 tuum
756 3610 884 3665 omnibus
908 3608 998 3678 palam
1018 3607 1129 3677 prodam
1150 3613 1194 3669 et,
1214 3606 1240 3657 si

153 3683 193 3736 im
218 3697 261 3733 res
287 3684 399 3745 tulerit,
424 3685 507 3735 etiam
531 3684 603 3735 laeta
627 3684 747 3747 moriar,
776 3698 865 3752 poena
891 3678 926 3733 de
953 3687 980 3731 te
998 3685 1097 3735 sumta.
1132 3678 1181 3730 ilis
1206 3676 1241 3727 de

154 3751 243 3803 tausis
262 3770 369 3805 rursum
385 3762 412 3805 te
430 3769 487 3815 oro,
505 3771 539 3805 ne
560 3751 652 3805 turbas
670 3769 795 3804 moveas:
822 3751 869 3805 sed
886 3748 977 3801 verbis
997 3747 1152 3800 istiusmodi
1173 3756 1241 3799 tem·

152 3838 268 3892 perans,
286 3833 318 3875 ut
335 3823 369 3874 ab
387 3824 468 3875 initio
487 3822 612 3886 sciebas,
630 3840 686 3875 rem
704 3822 844 3893 publicam
861 3820 1043 3872 administres.

226 3893 253 3944 5.
286 3894 345 3944 Hoc
362 3910 521 3963 responsum
541 3910 556 3944 e
579 3896 695 3946 nimium
720 3892 832 3946 dolente
858 3900 887 3944 et
911 3890 1014 3942 afflicto
1042 3894 1153 3959 pectore
1176 3902 1242 3956 pro-

154 3961 257 4016 tectum
281 3964 389 4016 remisit
414 3966 579 4033 imperatrix.
614 3965 728 4035 Magnus
753 3973 845 4017 autem
872 3959 1038 4014 domesticus
1064 3964 1200 4029 tamquam
1225 3971 1243 4008 a

155 4035 303 4101 seruetipso
321 4037 478 4097 convietus,
498 4050 557 4086 cam
577 4036 648 4088 iusta
667 4036 825 4104 rationique
852 4040 1034 4085 consentanea
1052 4028 1190 4091 locutam,
1214 4032 1243 4078 et

155 4101 226 4155 nihil
245 4104 318 4172 potis
336 4104 406 4154 adeo
428 4105 588 4157 manifestae
610 4106 734 4158 veritatis
757 4101 984 4156 demonstrationi
1010 4111 1167 4171 opponere,
1193 4113 1243 4166 pa·

156 4173 292 4226 triarebae
309 4175 420 4245 quidem
443 4175 515 4227 nihil
538 4175 702 4244 respondet:
726 4174 777 4227 aed
796 4193 857 4226 cum
876 4191 909 4227 eo
928 4169 963 4223 ad
982 4169 1179 4239 imperatricem
1199 4168 1243 4218 in·

158 4243 285 4312 graditur.
330 4246 409 4316 Quae
435 4245 524 4316 primo
553 4248 612 4301 eius
645 4252 755 4318 aspectu
785 4244 879 4300 dolore
910 4257 1056 4316 oppressa,
1090 4237 1138 4290 diu
1167 4236 1243 4308 largo
