2934 4700
475 339 760 406 mssouuuuu
789 341 846 404 ιιι.
863 345 919 413 ω.
1155 318 1241 433 289

23 497 24 546 i
148 516 201 559 τοι
218 493 432 577 γεγενημένοι,
452 488 508 555 καί
526 489 556 554 oi
576 487 667 558 ἔνδον
685 488 721 554 τό
742 488 822 556 notri
845 491 899 578 τῆς
918 490 1084 575 δυνάμεως
1104 493 1310 583 δφαιρε-λ.0.
1324 510 1389 582 rita

23 549 24 642 ἐ
150 598 267 674 θέντες,
290 594 436 667 α’σθενεῖς
455 614 489 655 τε
509 583 590 675 ἦσαν
609 589 666 655 καί
682 585 785 657 οόκέτι
804 590 885 677 πρός
903 593 980 669 roric
991 599 1160 678 πολεμίους
1175 598 1338 675 &tostici

152 693 275 776 ὁμαχοι.
318 686 394 756 ὅθεν
413 689 550 755 κάκεῖνοι
569 690 709 766 ἐπιόντες
729 696 785 756 καί
812 693 1132 778 στρατοπεδευόμενοι
1150 696 1245 780 ἐνγός

158 795 391 876 διεκαρτέρουν.
444 789 473 884 oi
500 794 608 871 μέντοι
628 787 869 873 ὑπολειπόμενοι
888 795 947 858 τοῦ
967 791 1069 879 δήμου
1090 797 1125 859 ἐν
1144 798 1246 860 Ardu-

132 893 308 980 ὄμοτείχῳ,
343 892 408 955 ταῖν
438 886 617 973 οἰκημάτων
637 887 699 953 ὑπὸ
722 892 782 975 τῆς
804 895 958 976 στρατιᾶς
978 897 1244 979 καθαιρεθέντων,

152 992 246 1054 crisos*
269 986 343 1063 τούς
371 989 487 1066 λίθουςΙ
504 987 763 1072 ἐκκαθαίροντες,
795 986 874 1074 πρὸς
891 989 1088 1073 λαχανισμόν
1105 995 1244 1079 έχροῖιτο

150 1093 196 1176 τῷ
224 1085 346 1175 χωρίῳ.
397 1091 453 1152 καί
479 1091 567 1162 τέλος
586 1079 646 1171 ἤδη
667 1084 733 1170 εἶχε
754 1086 790 1152 τό
812 1087 888 1172 περί
906 1092 963 1153 τοῦ
981 1093 1105 1175 χωρίου
1125 1094 1242 1157 τούτου

152 1192 198 1275 τῷ
219 1189 432 1273 μητροπολίτῃ
461 1191 519 1270 τῆς
550 1188 649 1271 αιίτῆς
667 1183 790 1264 πόλεως
811 1183 904 1277 όλίμῳ
922 1185 1075 1275 πρότερον
1094 1214 1245 1277 προειρη-

151 1290 258 1369 μένον.
308 1283 353 1350 iu
380 1284 440 1371 γὰρ
462 1287 727 1370 Καντακουζηνοῦ
753 1291 811 1351 τοῦ
841 1290 995 1369 βασιλέως
1024 1286 1104 1374 πρός
1122 1289 1178 1375 τὴν
1198 1294 1245 1368 εἰς

116 1384 218 1469 ιοτῆν
247 1378 380 1467 ἑσπέραν
407 1384 607 1470 ἐκστρατειαν
627 1386 958 1470 παρασκευαζομένου,
980 1388 1083 1451 ἐδόκει
1103 1390 1169 1453 δεῖν
1188 1386 1245 1454 dmi

155 1480 213 1550 τόν
240 1479 374 1565 πόλεμον
399 1481 474 1568 περί
499 1481 558 1566 τήν
588 1480 648 1561 ἔξω
676 1484 977 1571 συνοικίαν’τόφρον
1004 1482 1221 1570 περιελαύνειν
1228 1489 1270 1568 ,Β

157 1585 214 1648 ἵνα
233 1580 278 1665 μή
298 1583 392 1671 ῥᾳδία
414 1579 432 1667 ἦ
457 1579 579 1658 εἴσοδος
598 1591 663 1658 τοῖς
682 1586 843 1664 πολεμιοις
862 1580 922 1668 εἴη,
944 1583 978 1650 εἴ
985 1607 1060 1649 ποτε
1074 1586 1247 1668 ἐσβάλοιεν.

158 1684 417 1765 διανενεμρμένης
437 1682 474 1744 δὲ
492 1683 547 1764 τῆς
568 1678 692 1767 τάφρου
716 1679 795 1747 κατὰ
818 1686 955 1768 φατρίας
974 1686 1070 1748 παντί
1086 1687 1129 1772 τῷ
1144 1680 1245 1774 δόμῳ,

155 1778 237 1846 οόστε
267 1777 472 1865 α’νορόττειν,
502 1779 557 1845 καί
580 1791 647 1856 τοῖς
667 1783 702 1846 ἐν
720 1785 763 1870 τῳ
782 1780 887 1871 κλήρῳ
906 1785 963 1868 τῆς
983 1784 1147 1868 ἐκκλησίας
1167 1787 1247 1848 πᾶσι

121 1882 332 1964 ιόπαρείχετο
361 1882 462 1962 μερίς.
512 1875 783 1966 δυσχεραινόντων
807 1883 842 1946 δέ
863 1885 989 1947 ἐκείνων
1007 1880 1063 1946 διὰ
1083 1879 1119 1945 τό
1141 1891 1248 1947 πονεῖν

152 1981 211 2043 καῖ
237 1973 536 2061 προααγρελλόντων
564 1983 609 2065 τῷ
637 1983 848 2066 μητροπολίτῃ
876 1979 953 2056 τούς
973 1981 1029 2045 tut
1045 1979 1084 2046 sci
1108 1975 1185 2065 ἔργα
1207 1982 1248 2045 οἷ·

155 2074 379 2161 ναγκόζοντας,
393 2077 512 2157 ,οὐδέν
531 2081 609 2159 μέν’
625 2073 711 2142 εἶπεν
730 2080 847 2154 ἐκεῖνος
866 2076 927 2161 „eci
947 2083 1080 2145 τοιαῦτα
1099 2079 1179 2165 πρός
1191 2078 1248 2144 τόν

153 2178 292 2258 πόλεμον
305 2174 514 2260 λυσιτελήσει.
556 2181 627 2258 μετ’
646 2177 685 2240 ori
705 2175 784 2241 πολό
806 2174 868 2261 γὰρ
891 2175 911 2242 ό
930 2183 1167 2261 περιποιοῦνται
1179 2204 1248 2262 χω-

156 2280 226 2362 ρίον
261 2272 344 2361 πρός
375 2273 570 2358 λαχανισμὸν
599 2277 782 2361 ἐπιτηδείως
809 2275 901 2356 ἕξειν.
942 2278 1000 2342 τοῦ
1022 2280 1058 2343 dd
1076 2276 1122 2362 μὴ
1145 2280 1248 2343 δοκεῖν

117 2374 279 2451 academie
308 2377 367 2440 rori
392 2379 481 2464 κοινῇ
509 2380 745 2453 λυσιτελοῦντος
763 2378 908 2460 ἀμελεῖν,
937 2381 1059 2444 ἐκέλευε
1085 2376 1125 2443 τό
1145 2379 1247 2443 ἐπιτε-

157 2476 299 2558 ταγμένα
322 2472 480 2557 πράττειν.
520 2468 565 2541 ὧν
588 2475 683 2566 ιἰλίχῳ
710 2473 843 2563 ὕστερον
871 2472 1044 2559 ἐκβάντων,
1073 2474 1249 2563 ἀνεμιμνή-

157 2569 266 2640 σκοντό
286 2596 321 2638 τε
345 2570 374 2637 oi
405 2574 442 2640 ἐν
468 2578 686 2666 Διδυμοτείχῳ
709 2575 766 2642 καί
784 2574 967 2656 ἐθαύμαζον
986 2575 1042 2642 τόν
1065 2569 1166 2663 ἄνδρα
1187 2580 1272 2663 cicc

158 2671 425 2757 προαχορεόσεως.
473 2673 503 2738 οἱ
530 2679 639 2757 μέντοι
663 2674 750 2761 παρὰ
774 2672 888 2761 Κρόλη
908 2679 1038 2756 βασιλεῖ
1051 2679 1096 2764 τῷ
1116 2680 1353 2758 Καντα-ν.4αρ

159 2772 300 2859 κουζηνρῖ
319 2771 554 2854 ἐπιτεταγμένοι
574 2782 776 2858 συμμαχεῖν,
805 2774 877 2839 ἐπεὶ
895 2775 1183 2858 παρεσκευασμένοι
1208 2767 1249 2859 ἤ-

118 2872 200 2956 ,5δρ
220 2860 303 2956 ἦσαν
333 2866 389 2935 καὶ
417 2866 561 2963 ἔμελλονι
574 2872 667 2959 ἔρχου
688 2871 823 2957 ἔχεσθαι
830 2923 842 2957 ,
873 2877 917 2964 τῷ
936 2875 1077 2962 σφετέρῳ
1108 2869 1246 2961 δυνάστῃ

157 3132 214 3167 non
236 3123 324 3169 erant.
359 3115 438 3170 Unde
456 3115 518 3178 iiii,
535 3116 657 3184 Byzantii
674 3116 804 3188 iuquam,
820 3115 933 3185 propius
952 3112 1082 3167 accedere
1101 3123 1130 3169 et
1151 3114 1247 3169 locatio

159 3186 254 3238 caruis
271 3202 444 3255 perseverare
460 3203 517 3238 non
536 3185 705 3241 dubitarunt.
741 3187 782 3239 Ex
803 3186 1091 3254 Didymotichensibus
1109 3185 1249 3239 suburba-

158 3255 201 3308 nis
226 3265 378 3320 restantes,
402 3258 555 3311 vicinorum
573 3256 688 3310 aedibus
714 3273 730 3307 a
754 3257 843 3308 milite
867 3258 982 3320 cversis,
1005 3256 1060 3327 ipsi
1084 3256 1192 3325 lapides
1219 3266 1249 3312 et

159 3324 259 3380 rudera
275 3328 427 3382 efferebant
446 3336 476 3381 et
489 3346 540 3398 per
557 3344 633 3381 areas
655 3327 718 3379 illas
737 3328 862 3379 oluscula
880 3325 1018 3385 serebant.
1051 3327 1086 3380 Et
1102 3329 1157 3380 iam
1183 3344 1250 3382 eve-

59 3424 67 3451 ι
158 3404 251 3460 uerat,
280 3397 356 3467 quod
373 3398 407 3452 de
426 3399 557 3453 hocloco
584 3399 671 3469 ipsius
698 3396 775 3450 urbis
800 3397 978 3468 metropolita
995 3413 1051 3450 nou
1077 3400 1117 3450 tta
1140 3398 1249 3468 pridem

158 3469 325 3520 vaticinatus
339 3467 435 3522 fuerat
470 3470 539 3522 Nam
558 3469 622 3521 dum
642 3484 671 3520 se
685 3469 891 3522 Cantacuzenus
909 3467 944 3520 ad
957 3467 1162 3538 expeditionem
1174 3472 1250 3524 occi-

158 3535 300 3591 dentalem
321 3538 411 3592 adhuc
429 3541 597 3601 instrueret,
620 3538 778 3592 suburbana
806 3538 842 3591 ad
867 3537 974 3592 hostem
999 3538 1145 3591 arcendum
1175 3541 1250 3594 fosse

158 3607 262 3661 debere
279 3609 441 3663 circumdari
458 3610 631 3663 decernebat
668 3610 808 3663 Tributiur
827 3610 910 3680 igitur
928 3609 981 3660 toti
1001 3611 1104 3680 populo
1122 3617 1150 3662 et
1167 3609 1250 3663 alcri-

157 3677 196 3730 cis
213 3679 347 3732 eeclesiae
366 3678 401 3731 ad
416 3681 576 3733 fodiendum
595 3696 656 3749 pars
670 3678 883 3734 describebatur.
906 3678 1030 3750 Quibus,
1052 3679 1158 3731 clericis
1171 3686 1249 3751 puta,

157 3747 282 3803 laborem
302 3747 509 3819 indignantibus
527 3759 556 3801 et
581 3758 721 3803 exactores
740 3768 854 3819 operum
871 3748 906 3804 ad
924 3750 1080 3820 episcopum
1099 3748 1250 3803 deserenti-

157 3816 225 3881 bus,
244 3819 295 3872 iiie
316 3818 387 3872 hauc
407 3820 506 3873 iussam
525 3820 601 3873 bello
619 3820 692 3872 nihii
705 3821 877 3892 profuturam
893 3818 1037 3891 praedixit.
1067 3819 1157 3891 Quem
1173 3822 1249 3873 enim

156 3888 249 3941 iocum
266 3905 375 3942 serrare
392 3900 420 3944 et
437 3891 576 3946 custodire
595 3892 769 3956 niterentur,
786 3890 863 3945 brevi
881 3892 986 3943 ciorum
1001 3890 1100 3942 artioni
1117 3889 1249 3944 idoneum

156 3956 312 4013 babituros.
350 3960 592 4014 verumenimvero
615 3978 651 4014 ne
676 3960 850 4014 commodum
890 3961 1010 4012 oblicum
1031 3961 1107 4028 parvi
1126 3960 1248 4031 pendere

158 4028 316 4091 rideretur,
338 4032 418 4086 iussit
436 4031 569 4107 imperata
589 4031 658 4086 fieri.
694 4033 763 4084 Cum
782 4046 839 4083 non
858 3978 906 4082 diu
923 4038 986 4100 post
1004 4039 1117 4084 crentur
1136 4046 1249 4112 respou-

159 4097 539 4169 disset,1)idym0tichcnses
561 4103 591 4155 iu
607 4104 765 4154 memoriam
783 4100 979 4170 praedictionis
1005 4102 1135 4169 regressi,
1157 4115 1248 4152 virum

159 4167 196 4223 de
216 4179 455 4241 “suspexerunt
489 4173 571 4225 Porro
591 4189 606 4224 a
623 4171 704 4225 Crale
724 4172 914 4225 canucuzeno
931 4168 1087 4224 adiuvando
1112 4169 1249 4238 designati

159 4240 271 4362 iampnc
287 4244 378 4311 parati
405 4252 434 4297 et
461 4242 497 4294 ad
523 4259 593 4312 opus
611 4243 764 4304 accessuri,
792 4240 934 4293 dominum
958 4254 1037 4293 tuum
1063 4241 1248 4305 conveniunt,

150 4308 212 4369 ,bau
259 4313 331 4366 utile
353 4328 383 4366 se
409 4321 438 4367 et
461 4314 542 4366 iilum
564 4313 677 4367 sibimet
695 4313 762 4384 ipsis
779 4316 926 4366 consilium
952 4313 1065 4364 inivisse
1086 4322 1248 4378 autumant,

195 4414 406 4473 commum
423 4418 460 4473 11.
1019 4430 1051 4484 ¹9
