<?xml version="1.0" encoding="UTF-8"?>
<!DOCTYPE html PUBLIC "-//W3C//DTD XHTML 1.0 Transitional//EN"
    "http://www.w3.org/TR/xhtml1/DTD/xhtml1-transitional.dtd">
<html xmlns="http://www.w3.org/1999/xhtml" xml:lang="en" lang="en">
 <head>
  <title>
</title>
<meta http-equiv="Content-Type" content="text/html;charset=utf-8" />
  <meta name='ocr-system' content='tesseract 3.04.00' />
  <meta name='ocr-capabilities' content='ocr_page ocr_carea ocr_par ocr_line ocrx_word'/>
</head>
<body>
  <div class='ocr_page' id='page_1' title='image "./ioanniscantacuz02joangoog_0011.png"; bbox 0 0 2934 4700; ppageno 0'>
   <div class='ocr_carea' id='block_1_1' title="bbox 375 1208 1004 1286">
    <p class='ocr_par' dir='ltr' id='par_1_1' title="bbox 375 1208 1004 1286">
     <span class='ocr_line' id='line_1_1' title="bbox 375 1208 1004 1286; baseline 0 -3"><span class='ocrx_word' id='word_1_1' title='bbox 375 1208 1004 1286; x_wconf 86' lang='lat' dir='ltr'><strong>PRAEMONITUM.</strong></span> 
     </span>
    </p>
   </div>
   <div class='ocr_carea' id='block_1_2' title="bbox 588 1509 785 1521">
    <p class='ocr_par' dir='ltr' id='par_1_2' title="bbox 588 1509 785 1521">
     <span class='ocr_line' id='line_1_2' title="bbox 588 1509 785 1521; baseline 0.02 -4"><span class='ocrx_word' id='word_1_2' title='bbox 588 1509 785 1521; x_wconf 58' lang='grc' dir='ltr'>Ἢ</span> 
     </span>
    </p>
   </div>
   <div class='ocr_carea' id='block_1_3' title="bbox 135 1829 1226 1958">
    <p class='ocr_par' dir='ltr' id='par_1_3' title="bbox 135 1829 1226 1958">
     <span class='ocr_line' id='line_1_3' title="bbox 135 1829 1226 1958; baseline 0.003 -25"><span class='ocrx_word' id='word_1_3' title='bbox 135 1829 257 1933; x_wconf 81' lang='lat' dir='ltr'>Cum</span> <span class='ocrx_word' id='word_1_4' title='bbox 282 1854 359 1931; x_wconf 87' lang='lat' dir='ltr'>iam</span> <span class='ocrx_word' id='word_1_5' title='bbox 385 1855 426 1931; x_wconf 85' lang='lat' dir='ltr'>io</span> <span class='ocrx_word' id='word_1_6' title='bbox 447 1881 492 1931; x_wconf 88' lang='lat' dir='ltr'>eo</span> <span class='ocrx_word' id='word_1_7' title='bbox 515 1853 605 1945; x_wconf 88' lang='lat' dir='ltr'>sim,</span> <span class='ocrx_word' id='word_1_8' title='bbox 631 1873 694 1946; x_wconf 90' lang='lat' dir='ltr'>ut,</span> <span class='ocrx_word' id='word_1_9' title='bbox 719 1852 816 1958; x_wconf 84' lang='lat' dir='ltr'>quid</span> <span class='ocrx_word' id='word_1_10' title='bbox 844 1856 885 1930; x_wconf 89' lang='lat' dir='ltr'>in</span> <span class='ocrx_word' id='word_1_11' title='bbox 902 1854 975 1931; x_wconf 90' lang='lat' dir='ltr'>hoc</span> <span class='ocrx_word' id='word_1_12' title='bbox 993 1856 1113 1934; x_wconf 82' lang='lat' dir='ltr'>altero</span> <span class='ocrx_word' id='word_1_13' title='bbox 1127 1859 1226 1935; x_wconf 87' lang='lat' dir='ltr'>Cau·</span> 
     </span>
    </p>
   </div>
   <div class='ocr_carea' id='block_1_4' title="bbox 28 1977 1226 4328">
    <p class='ocr_par' dir='ltr' id='par_1_4' title="bbox 28 1977 1226 4328">
     <span class='ocr_line' id='line_1_4' title="bbox 135 1977 1226 2083; baseline 0.005 -30"><span class='ocrx_word' id='word_1_14' title='bbox 135 1979 309 2054; x_wconf 79' lang='lat' dir='ltr'>tacuzeui</span> <span class='ocrx_word' id='word_1_15' title='bbox 330 1977 524 2055; x_wconf 79' lang='lat' dir='ltr'>volumine</span> <span class='ocrx_word' id='word_1_16' title='bbox 539 1979 765 2083; x_wconf 87' lang='lat' dir='ltr'>praestitum</span> <span class='ocrx_word' id='word_1_17' title='bbox 785 1980 848 2067; x_wconf 86' lang='lat' dir='ltr'>sit,</span> <span class='ocrx_word' id='word_1_18' title='bbox 874 2005 1077 2082; x_wconf 80' lang='lat' dir='ltr'>exponam,</span> <span class='ocrx_word' id='word_1_19' title='bbox 1103 1983 1226 2059; x_wconf 75' lang='lat' dir='ltr'>facere</span> 
     </span>
     <span class='ocr_line' id='line_1_5' title="bbox 133 2100 1225 2206; baseline 0.006 -31"><span class='ocrx_word' id='word_1_20' title='bbox 133 2127 217 2176; x_wconf 89' lang='lat' dir='ltr'>non</span> <span class='ocrx_word' id='word_1_21' title='bbox 244 2126 412 2206; x_wconf 83' lang='lat' dir='ltr'>possum,</span> <span class='ocrx_word' id='word_1_22' title='bbox 445 2102 545 2204; x_wconf 87' lang='lat' dir='ltr'>quin</span> <span class='ocrx_word' id='word_1_23' title='bbox 569 2100 849 2179; x_wconf 77' lang='lat' dir='ltr'><strong>acerbissimam</strong></span> <span class='ocrx_word' id='word_1_24' title='bbox 881 2129 986 2178; x_wconf 82' lang='lat' dir='ltr'>casus</span> <span class='ocrx_word' id='word_1_25' title='bbox 1018 2104 1123 2181; x_wconf 91' lang='lat' dir='ltr'>illius</span> <span class='ocrx_word' id='word_1_26' title='bbox 1148 2131 1225 2182; x_wconf 88' lang='lat' dir='ltr'>me·</span> 
     </span>
     <span class='ocr_line' id='line_1_6' title="bbox 133 2225 1225 2332; baseline 0.007 -34"><span class='ocrx_word' id='word_1_27' title='bbox 133 2225 302 2301; x_wconf 88' lang='lat' dir='ltr'>moriam</span> <span class='ocrx_word' id='word_1_28' title='bbox 325 2250 518 2315; x_wconf 78' lang='lat' dir='ltr'>renovem,</span> <span class='ocrx_word' id='word_1_29' title='bbox 545 2225 616 2328; x_wconf 87' lang='lat' dir='ltr'>qui</span> <span class='ocrx_word' id='word_1_30' title='bbox 643 2226 870 2328; x_wconf 86' lang='lat' dir='ltr'>necopinato</span> <span class='ocrx_word' id='word_1_31' title='bbox 892 2253 1017 2332; x_wconf 86' lang='lat' dir='ltr'>nuper</span> <span class='ocrx_word' id='word_1_32' title='bbox 1041 2228 1135 2304; x_wconf 89' lang='lat' dir='ltr'>honi</span> <span class='ocrx_word' id='word_1_33' title='bbox 1159 2256 1225 2306; x_wconf 90' lang='lat' dir='ltr'>cu·</span> 
     </span>
     <span class='ocr_line' id='line_1_7' title="bbox 134 2348 1224 2454; baseline 0.008 -32"><span class='ocrx_word' id='word_1_34' title='bbox 134 2348 276 2452; x_wconf 85' lang='lat' dir='ltr'>iusque</span> <span class='ocrx_word' id='word_1_35' title='bbox 308 2351 483 2426; x_wconf 83' lang='lat' dir='ltr'>animum</span> <span class='ocrx_word' id='word_1_36' title='bbox 521 2351 687 2454; x_wconf 88' lang='lat' dir='ltr'>perculit</span> <span class='ocrx_word' id='word_1_37' title='bbox 719 2368 759 2424; x_wconf 86' lang='lat' dir='ltr'>et</span> <span class='ocrx_word' id='word_1_38' title='bbox 791 2349 935 2425; x_wconf 80' lang='lat' dir='ltr'>afflixit·</span> <span class='ocrx_word' id='word_1_39' title='bbox 985 2351 1103 2427; x_wconf 88' lang='lat' dir='ltr'>Cuius</span> <span class='ocrx_word' id='word_1_40' title='bbox 1119 2355 1224 2431; x_wconf 87' lang='lat' dir='ltr'>enim</span> 
     </span>
     <span class='ocr_line' id='line_1_8' title="bbox 132 2472 1226 2578; baseline 0.006 -30"><span class='ocrx_word' id='word_1_41' title='bbox 132 2472 297 2548; x_wconf 90' lang='lat' dir='ltr'>consilio</span> <span class='ocrx_word' id='word_1_42' title='bbox 321 2474 559 2577; x_wconf 85' lang='lat' dir='ltr'>auspiciique</span> <span class='ocrx_word' id='word_1_43' title='bbox 583 2472 765 2549; x_wconf 79' lang='lat' dir='ltr'>felicitate</span> <span class='ocrx_word' id='word_1_44' title='bbox 790 2472 883 2548; x_wconf 88' lang='lat' dir='ltr'>haec</span> <span class='ocrx_word' id='word_1_45' title='bbox 904 2475 983 2578; x_wconf 87' lang='lat' dir='ltr'>ipsa</span> <span class='ocrx_word' id='word_1_46' title='bbox 1001 2476 1226 2577; x_wconf 83' lang='lat' dir='ltr'>Byzantino-</span> 
     </span>
     <span class='ocr_line' id='line_1_9' title="bbox 133 2596 1225 2701; baseline 0.006 -31"><span class='ocrx_word' id='word_1_47' title='bbox 133 2624 225 2671; x_wconf 87' lang='lat' dir='ltr'>rum</span> <span class='ocrx_word' id='word_1_48' title='bbox 251 2598 481 2701; x_wconf 85' lang='lat' dir='ltr'>scriptorum</span> <span class='ocrx_word' id='word_1_49' title='bbox 505 2596 679 2672; x_wconf 79' lang='lat' dir='ltr'>collectio</span> <span class='ocrx_word' id='word_1_50' title='bbox 705 2614 746 2671; x_wconf 85' lang='lat' dir='ltr'>et</span> <span class='ocrx_word' id='word_1_51' title='bbox 770 2597 925 2674; x_wconf 88' lang='lat' dir='ltr'>condita</span> <span class='ocrx_word' id='word_1_52' title='bbox 945 2617 1002 2674; x_wconf 86' lang='lat' dir='ltr'>est</span> <span class='ocrx_word' id='word_1_53' title='bbox 1024 2599 1126 2675; x_wconf 85' lang='lat' dir='ltr'>etin</span> <span class='ocrx_word' id='word_1_54' title='bbox 1150 2602 1225 2686; x_wconf 68' lang='lat' dir='ltr'>las</span> 
     </span>
     <span class='ocr_line' id='line_1_10' title="bbox 135 2722 1222 2827; baseline 0.003 -30"><span class='ocrx_word' id='word_1_55' title='bbox 135 2740 214 2797; x_wconf 82' lang='lat' dir='ltr'>tam</span> <span class='ocrx_word' id='word_1_56' title='bbox 246 2748 353 2827; x_wconf 88' lang='lat' dir='ltr'>spem</span> <span class='ocrx_word' id='word_1_57' title='bbox 385 2723 569 2809; x_wconf 78' lang='lat' dir='ltr'>accrevit,</span> <span class='ocrx_word' id='word_1_58' title='bbox 586 2748 689 2797; x_wconf 76' lang='lat' dir='ltr'>eum</span> <span class='ocrx_word' id='word_1_59' title='bbox 717 2722 845 2798; x_wconf 83' lang='lat' dir='ltr'>subita</span> <span class='ocrx_word' id='word_1_60' title='bbox 876 2742 992 2825; x_wconf 85' lang='lat' dir='ltr'>atque</span> <span class='ocrx_word' id='word_1_61' title='bbox 1016 2724 1222 2800; x_wconf 87' lang='lat' dir='ltr'>immatura</span> 
     </span>
     <span class='ocr_line' id='line_1_11' title="bbox 134 2848 1224 2952; baseline 0.002 -31"><span class='ocrx_word' id='word_1_62' title='bbox 134 2864 261 2922; x_wconf 82' lang='lat' dir='ltr'>morte</span> <span class='ocrx_word' id='word_1_63' title='bbox 284 2867 462 2951; x_wconf 84' lang='lat' dir='ltr'>ereptum</span> <span class='ocrx_word' id='word_1_64' title='bbox 487 2848 598 2926; x_wconf 88' lang='lat' dir='ltr'>nobis</span> <span class='ocrx_word' id='word_1_65' title='bbox 621 2875 715 2939; x_wconf 84' lang='lat' dir='ltr'>esse,</span> <span class='ocrx_word' id='word_1_66' title='bbox 750 2850 838 2952; x_wconf 87' lang='lat' dir='ltr'>quis</span> <span class='ocrx_word' id='word_1_67' title='bbox 862 2867 937 2933; x_wconf 86' lang='lat' dir='ltr'>est,</span> <span class='ocrx_word' id='word_1_68' title='bbox 970 2873 1088 2951; x_wconf 89' lang='lat' dir='ltr'>quem</span> <span class='ocrx_word' id='word_1_69' title='bbox 1115 2873 1224 2926; x_wconf 86' lang='lat' dir='ltr'>nunu</span> 
     </span>
     <span class='ocr_line' id='line_1_12' title="bbox 133 2953 1222 3078; baseline 0.003 -34"><span class='ocrx_word' id='word_1_70' title='bbox 133 2967 293 3046; x_wconf 87' lang='lat' dir='ltr'>demum</span> <span class='ocrx_word' id='word_1_71' title='bbox 316 2969 468 3047; x_wconf 79' lang='lat' dir='ltr'>edoceri</span> <span class='ocrx_word' id='word_1_72' title='bbox 492 2975 688 3076; x_wconf 74' lang='lat' dir='ltr'>oporteat?</span> <span class='ocrx_word' id='word_1_73' title='bbox 737 2953 894 3078; x_wconf 88' lang='lat' dir='ltr'>Quippe</span> <span class='ocrx_word' id='word_1_74' title='bbox 918 2971 1155 3048; x_wconf 85' lang='lat' dir='ltr'>Niebuhrius</span> <span class='ocrx_word' id='word_1_75' title='bbox 1177 2998 1222 3047; x_wconf 86' lang='lat' dir='ltr'>ea</span> 
     </span>
     <span class='ocr_line' id='line_1_13' title="bbox 133 3091 1222 3198; baseline 0.006 -31"><span class='ocrx_word' id='word_1_76' title='bbox 133 3112 216 3170; x_wconf 86' lang='lat' dir='ltr'>erat</span> <span class='ocrx_word' id='word_1_77' title='bbox 242 3096 409 3171; x_wconf 86' lang='lat' dir='ltr'>nominis</span> <span class='ocrx_word' id='word_1_78' title='bbox 433 3095 572 3198; x_wconf 81' lang='lat' dir='ltr'>gloria,</span> <span class='ocrx_word' id='word_1_79' title='bbox 598 3091 877 3173; x_wconf 69' lang='lat' dir='ltr'>immortalibus</span> <span class='ocrx_word' id='word_1_80' title='bbox 901 3098 944 3170; x_wconf 88' lang='lat' dir='ltr'>in</span> <span class='ocrx_word' id='word_1_81' title='bbox 970 3121 1057 3172; x_wconf 74' lang='lat' dir='ltr'>rem&#39;</span> <span class='ocrx_word' id='word_1_82' title='bbox 1075 3096 1222 3174; x_wconf 82' lang='lat' dir='ltr'>littera·</span> 
     </span>
     <span class='ocr_line' id='line_1_14' title="bbox 133 3218 1222 3325; baseline -0.001 -27"><span class='ocrx_word' id='word_1_83' title='bbox 133 3218 234 3298; x_wconf 86' lang='lat' dir='ltr'>riam</span> <span class='ocrx_word' id='word_1_84' title='bbox 249 3219 395 3295; x_wconf 86' lang='lat' dir='ltr'>meritis</span> <span class='ocrx_word' id='word_1_85' title='bbox 408 3238 537 3324; x_wconf 85' lang='lat' dir='ltr'>parta,</span> <span class='ocrx_word' id='word_1_86' title='bbox 568 3239 615 3296; x_wconf 93' lang='lat' dir='ltr'>ut</span> <span class='ocrx_word' id='word_1_87' title='bbox 631 3239 671 3296; x_wconf 91' lang='lat' dir='ltr'>et</span> <span class='ocrx_word' id='word_1_88' title='bbox 684 3220 806 3313; x_wconf 84' lang='lat' dir='ltr'>vivus,</span> <span class='ocrx_word' id='word_1_89' title='bbox 831 3222 862 3297; x_wconf 89' lang='lat' dir='ltr'>si</span> <span class='ocrx_word' id='word_1_90' title='bbox 879 3222 966 3325; x_wconf 88' lang='lat' dir='ltr'>quis</span> <span class='ocrx_word' id='word_1_91' title='bbox 984 3220 1098 3310; x_wconf 86' lang='lat' dir='ltr'>elius,</span> <span class='ocrx_word' id='word_1_92' title='bbox 1117 3220 1222 3297; x_wconf 84' lang='lat' dir='ltr'>inter</span> 
     </span>
     <span class='ocr_line' id='line_1_15' title="bbox 28 3341 1220 3449; baseline 0.002 -31"><span class='ocrx_word' id='word_1_93' title='bbox 28 3343 30 3376; x_wconf 69' lang='lat'><strong>⁴</strong></span> <span class='ocrx_word' id='word_1_94' title='bbox 134 3341 387 3419; x_wconf 87' lang='lat' dir='ltr'>humanitatis</span> <span class='ocrx_word' id='word_1_95' title='bbox 420 3341 558 3419; x_wconf 82' lang='lat' dir='ltr'>decoro</span> <span class='ocrx_word' id='word_1_96' title='bbox 598 3342 902 3449; x_wconf 86' lang='lat' dir='ltr'>splendidissima</span> <span class='ocrx_word' id='word_1_97' title='bbox 941 3342 1220 3435; x_wconf 84' lang='lat' dir='ltr'>celebraretur,</span> 
     </span>
     <span class='ocr_line' id='line_1_16' title="bbox 135 3461 1220 3572; baseline 0.012 -33"><span class='ocrx_word' id='word_1_98' title='bbox 135 3482 191 3555; x_wconf 90' lang='lat' dir='ltr'>et,</span> <span class='ocrx_word' id='word_1_99' title='bbox 216 3465 287 3540; x_wconf 91' lang='lat' dir='ltr'>ubi</span> <span class='ocrx_word' id='word_1_100' title='bbox 313 3465 390 3541; x_wconf 85' lang='lat' dir='ltr'>vita</span> <span class='ocrx_word' id='word_1_101' title='bbox 415 3461 588 3557; x_wconf 76' lang='lat' dir='ltr'>decessit,</span> <span class='ocrx_word' id='word_1_102' title='bbox 615 3468 730 3570; x_wconf 83' lang='lat' dir='ltr'>longe</span> <span class='ocrx_word' id='word_1_103' title='bbox 753 3469 906 3572; x_wconf 81' lang='lat' dir='ltr'>latoque</span> <span class='ocrx_word' id='word_1_104' title='bbox 931 3472 1038 3551; x_wconf 87' lang='lat' dir='ltr'>triste</span> <span class='ocrx_word' id='word_1_105' title='bbox 1070 3474 1131 3552; x_wconf 87' lang='lat' dir='ltr'>sui</span> <span class='ocrx_word' id='word_1_106' title='bbox 1156 3474 1220 3552; x_wconf 87' lang='lat' dir='ltr'>de-</span> 
     </span>
     <span class='ocr_line' id='line_1_17' title="bbox 135 3587 1220 3697; baseline 0.013 -34"><span class='ocrx_word' id='word_1_107' title='bbox 135 3587 320 3665; x_wconf 86' lang='lat' dir='ltr'>siderium</span> <span class='ocrx_word' id='word_1_108' title='bbox 348 3588 587 3666; x_wconf 80' lang='lat' dir='ltr'>diffunderet</span> <span class='ocrx_word' id='word_1_109' title='bbox 619 3593 909 3697; x_wconf 83' lang='lat' dir='ltr'>communisque</span> <span class='ocrx_word' id='word_1_110' title='bbox 945 3596 1114 3675; x_wconf 84' lang='lat' dir='ltr'>iacturae</span> <span class='ocrx_word' id='word_1_111' title='bbox 1137 3625 1220 3676; x_wconf 81' lang='lat' dir='ltr'>seo·</span> 
     </span>
     <span class='ocr_line' id='line_1_18' title="bbox 136 3716 1220 3829; baseline 0.014 -40"><span class='ocrx_word' id='word_1_112' title='bbox 136 3740 221 3791; x_wconf 87' lang='lat' dir='ltr'>sum</span> <span class='ocrx_word' id='word_1_113' title='bbox 255 3716 446 3792; x_wconf 83' lang='lat' dir='ltr'>excitaret.</span> <span class='ocrx_word' id='word_1_114' title='bbox 503 3719 554 3793; x_wconf 89' lang='lat' dir='ltr'>Et</span> <span class='ocrx_word' id='word_1_115' title='bbox 584 3743 673 3793; x_wconf 78' lang='lat' dir='ltr'>vero</span> <span class='ocrx_word' id='word_1_116' title='bbox 706 3720 869 3796; x_wconf 85' lang='lat' dir='ltr'>nuntius</span> <span class='ocrx_word' id='word_1_117' title='bbox 900 3721 969 3798; x_wconf 83' lang='lat' dir='ltr'>iste</span> <span class='ocrx_word' id='word_1_118' title='bbox 992 3749 1038 3800; x_wconf 89' lang='lat' dir='ltr'>eo</span> <span class='ocrx_word' id='word_1_119' title='bbox 1068 3727 1220 3829; x_wconf 77' lang='lat' dir='ltr'>gravius</span> 
     </span>
     <span class='ocr_line' id='line_1_19' title="bbox 102 3832 1220 3952; baseline 0.014 -40"><span class='ocrx_word' id='word_1_120' title='bbox 102 3832 106 3838; x_wconf 70' lang='grc'><em>’</em></span> <span class='ocrx_word' id='word_1_121' title='bbox 138 3840 312 3916; x_wconf 87' lang='lat' dir='ltr'>omnium</span> <span class='ocrx_word' id='word_1_122' title='bbox 335 3841 644 3951; x_wconf 22' lang='lat' dir='ltr'>animos-affecit,</span> <span class='ocrx_word' id='word_1_123' title='bbox 671 3842 778 3948; x_wconf 87' lang='lat' dir='ltr'>quod</span> <span class='ocrx_word' id='word_1_124' title='bbox 803 3843 845 3919; x_wconf 92' lang='lat' dir='ltr'>in</span> <span class='ocrx_word' id='word_1_125' title='bbox 864 3874 1000 3952; x_wconf 83' lang='lat' dir='ltr'>magna</span> <span class='ocrx_word' id='word_1_126' title='bbox 1025 3868 1064 3927; x_wconf 90' lang='lat' dir='ltr'>et</span> <span class='ocrx_word' id='word_1_127' title='bbox 1083 3853 1220 3930; x_wconf 86' lang='lat' dir='ltr'>multi·</span> 
     </span>
     <span class='ocr_line' id='line_1_20' title="bbox 138 3965 1219 4076; baseline 0.012 -36"><span class='ocrx_word' id='word_1_128' title='bbox 138 3965 228 4069; x_wconf 88' lang='lat' dir='ltr'>plici</span> <span class='ocrx_word' id='word_1_129' title='bbox 261 3966 491 4058; x_wconf 79' lang='lat' dir='ltr'>calamitate,</span> <span class='ocrx_word' id='word_1_130' title='bbox 524 3995 662 4070; x_wconf 89' lang='lat' dir='ltr'>quam,</span> <span class='ocrx_word' id='word_1_131' title='bbox 694 3985 752 4045; x_wconf 86' lang='lat' dir='ltr'>tot</span> <span class='ocrx_word' id='word_1_132' title='bbox 773 3969 865 4046; x_wconf 78' lang='lat' dir='ltr'>viris</span> <span class='ocrx_word' id='word_1_133' title='bbox 888 3971 1093 4076; x_wconf 83' lang='lat' dir='ltr'>praeclaris</span> <span class='ocrx_word' id='word_1_134' title='bbox 1115 3969 1219 4052; x_wconf 79' lang='lat' dir='ltr'>sum·</span> 
     </span>
     <span class='ocr_line' id='line_1_21' title="bbox 138 4089 1218 4203; baseline 0.011 -39"><span class='ocrx_word' id='word_1_135' title='bbox 138 4114 274 4193; x_wconf 84' lang='lat' dir='ltr'>meque</span> <span class='ocrx_word' id='word_1_136' title='bbox 288 4089 486 4167; x_wconf 86' lang='lat' dir='ltr'>doctrinae</span> <span class='ocrx_word' id='word_1_137' title='bbox 507 4089 623 4168; x_wconf 81' lang='lat' dir='ltr'>laude</span> <span class='ocrx_word' id='word_1_138' title='bbox 638 4093 868 4199; x_wconf 74' lang='lat' dir='ltr'>campionis,</span> <span class='ocrx_word' id='word_1_139' title='bbox 894 4094 1019 4174; x_wconf 86' lang='lat' dir='ltr'>nescio</span> <span class='ocrx_word' id='word_1_140' title='bbox 1042 4124 1121 4203; x_wconf 83' lang='lat' dir='ltr'>qua</span> <span class='ocrx_word' id='word_1_141' title='bbox 1145 4097 1218 4176; x_wconf 74' lang='lat' dir='ltr'>lati</span> 
     </span>
     <span class='ocr_line' id='line_1_22' title="bbox 139 4210 1217 4328; baseline 0.014 -42"><span class='ocrx_word' id='word_1_142' title='bbox 139 4210 358 4320; x_wconf 81' lang='lat' dir='ltr'>iniquitate,</span> <span class='ocrx_word' id='word_1_143' title='bbox 382 4215 487 4294; x_wconf 86' lang='lat' dir='ltr'>intra</span> <span class='ocrx_word' id='word_1_144' title='bbox 509 4213 584 4294; x_wconf 87' lang='lat' dir='ltr'>hoc</span> <span class='ocrx_word' id='word_1_145' title='bbox 606 4213 719 4294; x_wconf 79' lang='lat' dir='ltr'>breve</span> <span class='ocrx_word' id='word_1_146' title='bbox 752 4219 934 4327; x_wconf 71' lang='lat' dir='ltr'>temporis</span> <span class='ocrx_word' id='word_1_147' title='bbox 955 4221 1122 4328; x_wconf 80' lang='lat' dir='ltr'>spatium</span> <span class='ocrx_word' id='word_1_148' title='bbox 1155 4247 1217 4300; x_wconf 83' lang='lat' dir='ltr'>cx·</span> 
     </span>
    </p>
   </div>
   <div class='ocr_carea' id='block_1_5' title="bbox 1438 4273 1440 4296">
    <p class='ocr_par' dir='ltr' id='par_1_5' title="bbox 1438 4245 1440 4342">
     <span class='ocr_line' id='line_1_23' title="bbox 1438 4273 1440 4296; baseline 0 46"><span class='ocrx_word' id='word_1_149' title='bbox 1438 4273 1440 4296; x_wconf 61' lang='lat'><em>&#39;</em></span> 
     </span>
    </p>
   </div>
   <div class='ocr_carea' id='block_1_6' title="bbox 1437 4347 1440 4416">
    <p class='ocr_par' dir='ltr' id='par_1_6' title="bbox 1437 4347 1440 4416">
     <span class='ocr_line' id='line_1_24' title="bbox 1437 4347 1440 4416; baseline 0 0"><span class='ocrx_word' id='word_1_150' title='bbox 1437 4347 1440 4416; x_wconf 93' lang='lat' dir='ltr'>l</span> 
     </span>
    </p>
   </div>
   <div class='ocr_carea' id='block_1_7' title="bbox 0 0 1472 4700">
    <p class='ocr_par' dir='ltr' id='par_1_7' title="bbox 0 0 1472 4700">
     <span class='ocr_line' id='line_1_25' title="bbox 0 0 1472 4700; baseline 0 0"><span class='ocrx_word' id='word_1_151' title='bbox 0 0 1472 4700; x_wconf 95' lang='lat' dir='ltr'> </span> 
     </span>
    </p>
   </div>
  </div>
 </body>
</html>
