2934 4700
269 298 351 403 νόν
601 321 615 328 ’Ὺ
662 323 944 397 csnrscnnrn

123 476 450 566 λαιιλιέπσιησανιο
482 472 505 562 ἢ
532 477 756 562 διειλέχθησαν
778 455 861 562 ’περί
887 477 981 541 andro
1009 472 1170 561 παρόντων,
1190 464 1271 538 allisi
1290 469 1352 534 καί

267 579 370 642 edroi
392 575 447 641 καί
466 576 527 660 δίς,
547 572 650 660 ὥσπερ
672 575 808 662 ἔφημεν,
834 578 890 640 καί
904 573 973 660 τρίς
992 578 1162 659 πρεσβείαν
1182 565 1354 653 πεπομφό-

233 686 330 758 Broc,
351 668 426 741 οότε
444 677 648 760 ἀπεκρίναντο
668 673 780 753 addis,
810 672 891 741 α’λλδ
911 674 968 742 sens*
985 673 1061 752 τοός
1079 677 1225 758 πρέσβεις
1244 666 1348 735 πολλοὶ

260 779 531 860 περιυβρίσαντες,
553 774 685 840 sederas
707 778 742 839 ἐν
762 773 984 859 δεσμωτηρίοις
1012 769 1073 839 όσα
1093 767 1222 838 δυνατοί.
1260 765 1344 852 πρός

262 874 298 938 δέ
317 872 393 948 τσός
412 871 562 949 συνόντας
582 872 738 958 ὁσημέραι
757 873 863 959 κρόφα
885 873 1056 958 διελέγοντο
1076 869 1133 937 καί
1153 865 1285 935 πλεῖστά
1305 868 1367 932 τε5

259 974 478 1056 inmeliorare
499 965 537 1036 esi
557 969 697 1057 ποιησειν
717 972 836 1037 ἐκεινου
855 968 1064 1054 ἀποστάντας,
1084 968 1140 1035 καί
1151 970 1341 1045 redeamus,

257 1072 289 1136 el
305 1070 351 1154 μὴ
375 1075 544 1148 πείθοιντο,
569 1073 610 1135 ου’
626 1068 667 1136 τό
690 1063 763 1136 όντα
781 1069 879 1151 μόνον
899 1069 1137 1159 ἀφαιρήσεσθαι
1149 1068 1205 1132 καί
1215 1068 1342 1150 κτήσεις

256 1165 374 1256 ἑτέροις
395 1168 612 1253 παραδώσειν,
634 1166 714 1233 α’λλό
737 1169 793 1235 καί
809 1173 900 1236 τέκνα
919 1169 976 1234 καί
991 1178 1141 1254 γυναῖκας
1160 1171 1206 1244 εἰς
1226 1175 1339 1251 nemer

255 1260 341 1346 όξειν
370 1262 521 1351 όλγεινιόν
547 1271 680 1333 πολλῶν.
720 1263 743 1331 ἃ
762 1267 862 1333 ἐδόκει
884 1268 1005 1357 φοβεροὶ
1025 1277 1090 1348 τοῖς
1110 1268 1338 1351 εὐγενεστέροις

251 1368 393 1448 μάλιστα
421 1362 587 1452 προσόδων
612 1365 760 1450 μεγάλων
789 1362 1083 1453 ἀποστερουμένοις.
1129 1361 1174 1435 ὧν
1192 1364 1249 1431 καί
1266 1360 1385 1431 strato

250 1467 461 1550 μεμνημένοι,
492 1461 625 1532 κωλόειν
656 1464 710 1530 διό
741 1462 866 1532 πόντων
893 1466 1076 1553 ίπεχειροον
1102 1468 1237 1550 βασιλέα
1255 1461 1337 1546 πρός

156 1574 186 1631 P·
196 1573 243 1642 481
255 1564 445 1650 ὑπερορίους
464 1569 598 1652 ἔξορμᾷν
618 1566 803 1650 στρατειόις,
823 1562 976 1649 οἰόμενοι,
997 1562 1038 1631 nis
1057 1563 1234 1645 κωλόσωσι,
1254 1561 1336 1648 πρός

247 1660 353 1750 ἱτερόν
379 1688 410 1730 τι
429 1670 605 1747 τρέψεσθαι
635 1666 896 1751 λυσιτελέστερον.
951 1664 1102 1749 βασιλεός
1130 1667 1166 1731 δέ
1192 1671 1258 1738 τοῖς
1277 1664 1336 1727 εἶπ’

246 1764 350 1847 ἀρχῆς
369 1765 513 1845 ἐμμένων
534 1763 579 1839 aie
599 1760 699 1839 καλός
719 1765 985 1848 βεβουλευμένοις,
1003 1760 1086 1852 δρας
1104 1766 1139 1830 έν
1157 1766 1216 1829 τοῦ
1234 1787 1333 1847 στρα·

245 1863 392 1943 τοπέδου,
413 1853 468 1946 ἧκε
488 1859 567 1946 πρός
582 1855 688 1941 Ἀξιὸν
709 1862 754 1938 σός
773 1861 1007 1948 διαβησόμενος,
1025 1866 1207 1931 συνείποντο
1227 1864 1264 1927 δὲ
1276 1861 1379 1927 troisi

244 1961 274 2026 oi
296 1953 457 2044 όλλοι,σὶ
486 1965 546 2043 μέν
578 1956 716 2042 ἑκόντες,
744 1959 774 2027 οἱ
804 1965 835 2026 δ’
861 1963 988 2052 ἀνάγκη.
1029 1961 1156 2045 συμβὰν
1177 1965 1212 2027 δέ
1233 1956 1330 2043 οὕτω,

244 2062 322 2144 περί
347 2057 387 2125 τό
417 2058 522 2145 όρεινό
548 2052 675 2146 όμβρων
711 2060 871 2148 ῥαγδαίων
901 2056 1179 2147 καταββαγέντων,
1212 2052 1331 2143 όπορος

242 2158 391 2244 έφαίνετο
419 2157 437 2222 ό
466 2156 608 2242 ποταμός
643 2159 704 2223 sind
734 2156 936 2244 πλημμύρας.
990 2159 1330 2246 στρατοπεδευσάμενοι

242 2260 279 2323 δέ
300 2259 375 2340 ἐκεῖ,
397 2237 580 2342 περιέμενον
600 2258 644 2335 ιός
663 2251 877 2345 λωφησόντων
897 2259 1144 2342 περαιωσόμενοι
1164 2263 1227 2324 τεόν
1248 2253 1328 2321 ὁδό-

238 2380 312 2422 των.
352 2355 392 2422 τό
421 2359 457 2422 δὲ
477 2357 571 2423 ου’δέν
591 2351 685 2442 ἧττον
707 2354 898 2441 ἐπληθύνετο
917 2357 973 2422 καί
991 2358 1132 2436 όποψιλιν
1151 2365 1303 2439 παρεῖχεν
1312 2380 1369 2436 ,no

239 2453 284 2533 τός
312 2459 370 2521 nain
397 2460 430 2521 ἐν
458 2458 550 2545 όλίγηι
576 2457 681 2521 δίοδον
701 2460 885 2541 παρέξοντα.
924 2456 1113 2522 ἐπιλελοίπει
1133 2478 1166 2520 τε
1185 2448 1246 2539 ἤδη
1265 2457 1323 2518 καί

238 2554 438 2640 tetracola
458 2554 618 2641 στρατιάν.
660 2554 746 2641 δρῶν
765 2557 802 2620 δέ
822 2558 878 2622 eat
896 2554 916 2619 o‘
934 2552 1095 2639 βασιλεός,
1117 2547 1243 2634 sicine
1262 2551 1321 2618 ειό-

307 2771 350 2809 aa·
369 2755 418 2806 καλ
436 2769 487 2806 σω.
505 2755 531 2808 Ρ.

235 2958 291 3011 lam
313 2959 461 3022 miserant,
483 2972 574 3029 neque
598 2974 680 3028 snper
698 2959 752 3012 hoe
772 2959 920 3031 quidquam
938 2975 998 3012 cnm
1018 2977 1051 3014 eo
1069 2967 1196 3031 egerente
1221 2976 1316 3013 rerum

234 3032 318 3087 etiarn
335 3031 378 3083 bis
395 3038 448 3091 ter,
463 3037 495 3080 nt
512 3028 695 3092 meminimus,
710 3029 770 3082 eins
789 3032 884 3099 legatis
903 3030 974 3083 nihil
991 3030 1196 3101 responderant,
1213 3046 1315 3101 eosque

232 3101 316 3153 variis
336 3100 444 3153 iniuriis
463 3116 543 3168 quam
561 3107 708 3169 potuerant
726 3102 998 3155 contumeliosissime
1009 3108 1139 3154 vexerant
1155 3117 1243 3153 career
1278 3116 1314 3153 ue

231 3171 422 3223 multaverant
441 3169 493 3220 Sed
505 3172 647 3236 Byzantios
658 3171 828 3239 imperatoris
840 3173 1039 3226 commilitones
1057 3171 1182 3245 quotidie
1199 3187 1263 3223 occu
1278 3173 1313 3223 tis

230 3241 409 3293 internuntiis
425 3238 567 3290 tentabant
581 3249 610 3292 et
630 3241 653 3293 si
673 3240 829 3303 deficerent,
850 3242 983 3293 beneficia
1000 3241 1086 3294 multa
1100 3240 1311 3311 promittebant:

231 3319 325 3363 contra
346 3312 399 3362 nisi
419 3309 641 3379 obsequerentur,
659 3328 715 3363 non
733 3311 875 3365 facultates
893 3312 1036 3366 dumtaxat
1049 3311 1189 3364 ablaturos
1204 3319 1232 3363 et
1245 3326 1311 3379 pos-

229 3381 364 3432 sessiones
380 3380 442 3430 sliis
459 3378 632 3440 addicturus,
653 3382 701 3433 sed
721 3391 750 3434 et
766 3382 868 3434 liberos
886 3398 979 3435 eorum
997 3392 1026 3435 et
1042 3399 1139 3435 uxores
1155 3381 1247 3433 multis
1265 3379 1311 3432 in·

229 3450 378 3502 commodis
394 3449 575 3514 exagitatnros
587 3450 769 3502 minabantur.
789 3451 868 3519 Quae
879 3452 1064 3506 nobilioribus
1073 3452 1231 3522 praesertim
1246 3466 1309 3502 asn-

227 3520 290 3590 plos
308 3536 404 3572 census
424 3520 611 3581 amittentibus
628 3519 773 3573 horribilia
788 3521 964 3575 videbantur:
992 3540 1108 3596 qnorum
1125 3530 1153 3574 et
1168 3529 1233 3573 tnnc
1249 3535 1308 3571 ms·

227 3606 328 3653 mores,
347 3589 421 3642 omni
433 3605 486 3658 ope
502 3591 690 3658 imperatorem
709 3592 838 3645 cohibere
851 3593 1006 3657 tentabant,
1024 3610 1060 3646 ne
1073 3597 1149 3645 extra
1162 3592 1229 3644 lines
1246 3606 1308 3642 curn

227 3662 349 3712 exercitu
367 3669 571 3730 prorumperet,
597 3667 752 3728 sperantes,
778 3664 800 3714 si
819 3662 849 3713 id
876 3663 1078 3724 obtinuissent,
1097 3660 1212 3716 eumad
1230 3659 1308 3714 aliud

226 3729 358 3800 quiddam
377 3730 542 3782 fructuosius
560 3746 717 3783 conversum
740 3734 784 3791 iri.
821 3736 970 3803 imperator
988 3734 1096 3786 consilii
1118 3731 1203 3784 semel
1220 3728 1305 3800 eapti,

225 3808 258 3852 ut
277 3801 388 3870 optimi,
414 3808 516 3863 tenax,
540 3801 620 3852 motis
639 3802 732 3852 eastris
751 3801 786 3854 ad
803 3804 899 3855 Axium
924 3804 1016 3875 copias
1035 3802 1238 3856 transducturus
1257 3814 1305 3851 το-

223 3870 276 3922 nit
311 3871 372 3922 Pars
389 3871 498 3933 rolens,
521 3888 581 3939 pars
600 3872 685 3927 invita
704 3874 896 3944 sequebantur.
933 3875 1014 3928 Forte
1038 3874 1067 3924 in
1090 3873 1226 3925 montanis
1248 3869 1304 3923 ina·

223 3938 286 3992 bres
304 3940 427 4009 abruptis
450 3942 571 3992 nubibus
590 3943 833 4007 ingeminaverant,
852 3951 882 3995 et
898 3943 996 3996 llnvins
1014 3958 1096 4012 super
1112 3945 1134 3996 ri
1155 3959 1185 3995 ss
1201 3941 1303 4011 stagnis

222 4012 339 4075 effusus,
356 4012 501 4063 transmitti
521 4028 576 4061 non
595 4020 711 4078 poterat,
730 4012 772 4065 lbi
790 4015 873 4082 igitur
889 4014 983 4067 castris
999 4013 1114 4082 positis,
1132 3959 1197 4063 όιιω
1214 4025 1303 4082 sqnss

222 4081 413 4142 subsiderent,
431 4081 632 4147 exspectabant.
669 4082 779 4151 Quibus
797 4083 977 4136 nihilominus
995 4080 1225 4143 incrucentibus,
1252 4098 1304 4132 sn-

221 4152 308 4219 spicio
329 4158 402 4207 erat,
421 4151 529 4216 longius
548 4158 697 4203 extractum
723 4142 758 4203 iri
777 4156 938 4207 transituras
956 4161 985 4206 et
1002 4154 1058 4205 iarn
1074 4157 1236 4206 commeatus
1253 4166 1304 4203 ex-

220 4219 335 4275 ercitum
356 4218 501 4273 defecerat.
544 4221 624 4293 Quae
642 4221 697 4275 dno
722 4238 783 4276 cum
809 4230 933 4279 cerneret
949 4225 1113 4295 imperator,
1138 4236 1303 4294 quemquern
