2934 4700
485 295 775 363 ursaonunuss
802 299 859 362 111.
879 301 933 372 so.
1051 329 1055 334 ·
1168 295 1249 385 297

157 439 216 512 mir
239 446 274 512 ἐν
292 446 459 533 Boionio
479 441 655 533 πανήγυρις
674 438 714 532 ἦν
732 445 862 534 λαμπροὶ
885 444 943 512 καί
959 439 1078 530 {corsis
1098 447 1118 533 ἦ
1135 454 1318 533 lapse-Mb
1332 456 1397 528 rtis

157 543 265 631 στοὶτη.
293 548 349 609 καί
375 543 393 608 si
415 547 515 629 δῆμος
534 543 615 633 πρὸς
632 543 668 611 τὸ
689 549 745 630 τῆς
764 548 956 632 θεομὴτορος
968 547 1177 633 Ὁδημηιρίας
1195 549 1342 611 steens

157 668 249 728 μενος
269 640 414 730 ἐχώρουν
434 647 609 729 πανδημεί,
638 643 869 732 εδχαριοτηρια
887 648 945 731 τῆς
962 645 1049 730 νίκης
1068 640 1251 711 unctores-

158 766 220 826 τις,
243 745 298 808 καί
311 739 342 807 οἱ
353 742 388 807 ἐν
401 745 485 807 reto
496 740 645 826 μάλιστα,
660 739 730 808 εἶτα
742 744 800 808 καί
811 742 840 809 οἱ
852 737 943 810 ἄλλοι
955 747 1033 833 πεζῇ
1045 752 1112 823 τοῖς
1122 749 1249 821 πολλοῖς

138 840 290 924 5δμοίως.
331 840 388 907 καί
400 839 505 917 οὐδείς
519 838 636 924 ἐτὸλμα
648 843 889 924 ἀπολείπεσθαι,
910 840 1253 928 strenuissimum

158 936 290 1027 ἦνιιόντο
308 943 366 1006 καί
386 943 612 1026 ἐδυσχέραινον
630 940 689 1030 τὴν
707 945 863 1025 βασιλέως
876 942 1076 1029 δυσπραγίαν
1082 992 1093 1025 ,
1113 942 1252 1009 κυῖκεῖνοι
1327 964 1330 970 ’

159 1049 226 1118 τοῖς
244 1031 351 1116 ἄλλοις
361 1037 477 1121 ὁμοίως
490 1036 630 1126 ανάγκην
643 1036 730 1124 εἶχον
750 1040 967 1126 συνεορτάζειν
978 1035 999 1126 ἢ
1010 1044 1132 1124 μᾶλλον
1155 1065 1254 1107 συνα-

158 1132 370 1224 σχημονεῖν,ἢ
377 1138 432 1223 τῆς
441 1142 614 1224 κατηφείας
618 1133 1254 1227 χαλεπὰςκαίιῖπαραιτὴεουςπαρειβηοντο

159 1234 429 1322 ου’δύνας.οδγδρ
436 1239 535 1320 μόνον
545 1235 633 1316 είτις
641 1240 892 1328 Καντακουζηνῷ
900 1241 945 1329 τῷ
954 1236 1252 1326 βασιλεῖσυμπροὶτ-

121 1353 227 1401 soreos
238 1339 415 1423 φωραθείη,
437 1333 604 1418 ἐκολάζετο
619 1331 724 1421 ω’μοῆς,
741 1336 824 1403 ἀλλὰ
836 1338 891 1404 καί
900 1337 934 1404 εἴ
944 1365 993 1417 τις
1004 1338 1084 1426 πρὸς
1099 1337 1139 1405 τὰ
1152 1364 1254 1426 πρατ-

159 1434 277 1518 τόμενα
296 1434 341 1522 μὴ
361 1432 462 1520 ἡδέως
481 1438 685 1520 διακείμενος,
707 1435 789 1502 α’λλοὶ
816 1431 895 1523 ἦθος
913 1438 1077 1526 ἐμφαίνων
1097 1440 1253 1525 α’ποστρε-

162 1537 303 1621 φομένου
315 1540 496 1622 φωραθείη,
515 1534 571 1613 τὰς
585 1535 697 1619 ὁμοίοις
715 1539 806 1613 δίκας
822 1547 888 1613 τοῖς
907 1532 1079 1605 ἑαλωκόσιν
1097 1540 1152 1604 ἐπί
1176 1539 1277 1622 προ-Β

162 1635 256 1722 δοσίφ
283 1637 428 1798 φανερῶς
456 1636 580 1701 διδόναι
610 1628 651 1721 ἧν
678 1630 809 1722 ἀνάγκη.
849 1634 905 1702 καί
921 1640 1032 1702 πολλοὶ
1050 1638 1085 1703 ἐκ
1104 1635 1254 1702 τοιούτων

162 1732 274 1797 αι’τιοῖν
293 1732 363 1797 ἀετοί
383 1757 476 1818 osso,
506 1730 564 1800 οδκ
584 1737 620 1801 ἐν
639 1736 809 1825 Βυζαντίῳ
828 1735 925 1818 μόνον
932 1786 943 1818 ,
977 1735 1060 1802 α’λλιὶ
1086 1734 1143 1801 καί
1164 1735 1253 1822 παρὰ

123 1837 234 1906 ιὸταῖς
263 1822 377 1907 ἄλλοις
404 1832 531 1900 πόλεσιν
551 1828 628 1920 ἄχρι
650 1834 891 1920 Θεσσαλονίκης.
930 1832 970 1900 τοὶ
990 1834 1052 1921 γὰρ
1076 1837 1253 1920 περαιτέρω

160 1934 217 1995 καί
244 1929 323 2016 πρὸς
347 1927 486 2020 ἑσπέραν
508 1937 598 2023 κοινῇ
617 1936 652 2000 οἵ
666 1957 701 1999 τε
722 1936 819 2019 δῆμοι
839 1935 896 1998 καί
913 1932 943 1998 οἱ
964 1936 1092 1999 δυνατοί
1111 1937 1175 1999 τοῖν
1196 1929 1252 1998 τιὸ-

159 2033 241 2095 λεοον
259 2034 390 2112 βασιλεῖ
404 2042 574 2118 προσεῖχον
595 2034 861 2123 Καντακουζηνῷ.
905 2027 980 2098 ὅθεν
993 2033 1069 2098 οὐδὲ
1084 2029 1165 2118 πρὸς
1179 2030 1254 2098 osu*

159 2152 226 2205 σεις
246 2125 414 2215 ἐχώρησαν
431 2127 489 2197 καί
505 2133 663 2215 πολέμους
679 2132 873 2218 ἐμφυλίους,
904 2133 974 2199 αλλ’
992 2133 1028 2197 ἐν
1046 2125 1093 2208 οἷς
1111 2132 1252 2213 μάλιστα

160 2224 196 2291 αἱ
217 2220 314 2292 ἄλλαι
332 2226 485 2312 μεγάλαις
506 2229 684 2318 ἐχρήσαντο
704 2238 888 2315 συμφοραῖς
909 2240 1046 2318 καιροῖς,
1081 2233 1115 2296 ἐν
1133 2226 1253 2306 τούτοις

119 2318 257 2397 sonticus
276 2329 355 2414 πρὸς
374 2322 525 2413 εὐνομίαν
554 2333 610 2397 καί
627 2326 753 2416 εἰρήνην
774 2332 952 2418 διῳκοῦντο.
993 2326 1154 2397 uilissimi
1170 2331 1254 2397 Θεσ·

159 2430 325 2512 σαλονίκης
346 2423 424 2513 ἄχρι
442 2432 622 2508 Βυζαντίου
645 2432 739 2495 ου’δέν
760 2421 810 2514 ἦν,
841 2425 903 2512 ips
922 2430 969 2515 μη
990 2432 1155 2514 ὑπέμενον.
1194 2455 1254 2494 κα·
1305 2486 1309 2497 ,

160 2516 268 2606 iuno}
295 2526 357 2613 γὰρ
387 2529 433 2604 εἰς
456 2526 515 2593 δύο
538 2532 770 2616 διαιρεθεῖσαι,
806 2527 937 2615 στρατιὰ
954 2534 1015 2614 μὲν
1032 2530 1089 2596 καί
1108 2530 1138 2596 οὶ
1162 2522 1280 2595 s's'llosc

160 2616 286 2711 ἄριστοι
305 2630 369 2693 τῶν
388 2630 523 2694 πολιτῶν
540 2626 581 2696 ssi
603 2629 871 2716 Καντακουζηνοῦ
890 2633 949 2697 τοῦ
961 2633 1118 2715 βασιλέως
1137 2628 1253 2719 ᾐροῦν-

232 2796 256 2833 a.
275 2782 322 2844 τῆς
338 2779 400 2837 adal
414 2780 451 2834 Μ.
525 2784 563 2853 ιη,
585 2778 749 2839 cuonone
769 2782 795 2836 Ρ.
814 2790 843 2837 ct
862 2783 899 2836 hl.

159 2906 224 2965 set,
248 2900 436 2972 depositurum
460 2910 490 2958 et
510 2903 674 2959 monachum
692 2904 869 2968 induturum,
886 2903 1059 2958 concessisse.
1096 2898 1249 2957 Confestim

160 2973 285 3041 Byzantii
308 2972 368 3026 alies
390 2972 477 3028 iestns
501 2975 614 3046 publice
631 2976 674 3047 agi
691 2974 929 3047 splendidissimus
946 2975 1126 3047 omniumque
1144 2975 1252 3028 iucun-

161 3043 308 3109 dissimus,
340 3051 370 3096 et
394 3045 512 3116 populus
542 3047 685 3110 certatim,
716 3045 909 3117 imprimisque
945 3044 1083 3115 principes
1109 3047 1251 3114 ceterique

160 3113 297 3183 pedibus,
319 3112 460 3199 plebeium
488 3118 518 3166 in
537 3133 657 3180 morem,
676 3117 727 3168 Dei
748 3134 810 3169 asae
828 3115 1009 3186 Hodegetrise
1028 3116 1160 3182 templum
1178 3132 1250 3167 con·

160 3189 709 3328 tlt}‘tritttttztttfflattlltlr
728 3185 1120 3329 qtt,'5t‡‚t:¹tll²lrll¹.t
1133 3186 1250 3308 iiiiii}

160 3326 302 3376 cruciabat
328 3327 463 3392 maxime,
496 3327 596 3382 festum
619 3328 693 3381 diem
720 3330 802 3381 simul
821 3327 974 3390 celebrare,
993 3328 1038 3380 vel
1057 3332 1150 3397 potius
1168 3328 1251 3379 simul

159 3396 280 3464 turpiter
304 3408 382 3464 agere
406 3404 455 3448 sut
476 3399 608 3451 moeroris
637 3400 680 3452 sui
706 3416 809 3469 poenas
838 3398 958 3450 immites
974 3401 1006 3449 ac
1027 3396 1250 3468 indeprecabiles

162 3468 297 3518 sustinere
323 3466 498 3537 cogebantur.
533 3468 597 3521 Non
617 3470 692 3522 enirn
710 3470 814 3532 solum,
833 3469 857 3521 si
875 3469 969 3540 qoiss
988 3467 1178 3522 Cantacuseno
1195 3471 1250 3521 im·

160 3545 290 3606 peratore
308 3536 399 3591 lacere
418 3535 691 3608 deprehendebatur,
714 3539 863 3592 crudeliter
879 3538 1063 3611 puniebatur:
1093 3539 1142 3592 sed
1165 3541 1251 3591 etism

162 3607 266 3678 siquis
284 3607 321 3658 ad
341 3624 388 3671 es,
409 3626 479 3680 qnae
497 3608 618 3674 fiebant,
637 3628 694 3663 non
714 3610 871 3673 hilaritatis,
883 3626 977 3663 verum
995 3609 1144 3665 aversionis
1162 3609 1252 3677 signi·

162 3678 319 3729 ficationem
337 3678 416 3732 vultu
436 3680 529 3742 daret,
566 3680 662 3735 crinde
678 3687 762 3750 alque
780 3681 804 3732 si
821 3688 893 3733 essct
908 3680 1075 3749 proditionis
1100 3681 1252 3743 convictus,

161 3746 222 3800 sine
248 3746 435 3802 misericordia
455 3696 640 3817 multahatur3
664 3754 802 3822 multique
823 3761 880 3804 tum
904 3748 1039 3820 Byzantii,
1062 3758 1121 3803 tum
1136 3752 1198 3804 aliis
1219 3750 1252 3802 ln

160 3816 278 3870 urbibus
296 3818 519 3874 Thessalonicam
536 3837 624 3892 usque
642 3820 685 3874 his
704 3822 739 3876 ‹le
757 3823 845 3874 causis
864 3821 1000 3874 communi
1022 3824 1083 3875 luce
1100 3821 1252 3893 privaban-

160 3896 224 3941 turz
244 3889 383 3959 siqnidem
400 3893 430 3944 in
447 3890 627 3944 ulterioribus
644 3908 737 3945 versus
757 3891 927 3945 occidentem
954 3891 1033 3960 plebs
1061 3899 1089 3945 et
1107 3892 1253 3962 optimates

159 3959 315 4030 promiscue
333 3962 492 4031 imperatori
509 3960 697 4015 (lantacuzeno
717 3962 859 4020 lavabant.
894 3961 988 4030 Quare
1005 3965 1035 4016 in
1058 3962 1116 4016 illis
1141 3960 1253 4033 oppidis

161 4044 213 4082 nec
227 4029 390 4093 seditiones,
408 4048 460 4086 nee
478 4031 584 4085 bellum
603 4033 686 4085 civile
704 4032 859 4097 existebat5
890 4030 938 4084 sed
956 4031 1021 4085 dum
1039 4034 1094 4087 alis
1111 4034 1255 4086 calamita·

161 4099 237 4151 tibus
254 4101 453 4173 affligerentur,
471 4104 528 4173 ipsa
546 4101 627 4156 bonis
647 4102 754 4174 legibus
774 4102 886 4174 pacifice
907 4099 1136 4173 gubernabantur.
1172 4101 1253 4172 Quae

161 4186 178 4220 a
194 4170 390 4226 Thessalonica
409 4175 569 4244 Byzantium
585 4173 780 4243 pertinebant,
799 4172 871 4224 nibil
908 4188 970 4227 rare
990 4193 1046 4228 non
1064 4171 1250 4243 patiebantur.

160 4240 254 4297 temet
270 4244 345 4299 enisa
364 4244 479 4301 inducta
498 4244 654 4313 discordia,
671 4243 811 4316 praesidia
828 4189 942 4321 quirion
960 4252 989 4302 et
1009 4246 1155 4317 optimates
1180 4240 1254 4301 Can·
