2934 4700
484 266 767 357 nrsronutnun
797 277 852 353 ni.
881 294 915 362 s
1185 263 1239 374 67

160 440 288 530 όρκοος,
304 434 360 519 ode
371 440 525 527 όμαόμοκε,
539 452 658 531 τηρεῖν,
673 437 842 517 οὗδάόιὸς
855 437 1004 526 ἀμελήσω
1017 440 1075 508 τοῦ
1082 443 1128 528 μή
1143 444 1310 510 unimode.
1324 450 1385 519 1341

157 542 327 628 πράττειν,
349 538 410 607 όσα
424 538 464 607 όν
479 547 560 631 αότή
578 564 613 609 τε
632 545 688 609 καί
707 546 801 608 παισί
819 543 875 607 καί
895 546 984 630 κοινή
1007 546 1151 630 λυσιτελῇ
1166 544 1245 609 Ῥω-

156 643 292 726 μαιοις.”
334 644 392 706 τοῦ
406 632 610 729 ’πατριάρχου
635 646 671 707 δὲ
690 640 771 729 πρός
798 640 856 728 τήν
886 641 1036 725 οἷκαιρίαν
1060 646 1125 707 τεόν
1146 641 1245 726 λόγων

156 742 368 824 μεμψαμένου
402 739 458 805 καὶ
486 741 531 826 μή
552 744 684 807 τοιαῦτα
704 744 873 828 προσήκειν
893 739 992 807 αότόν
1027 741 1105 824 μήτε
1137 745 1244 807 διανο-

137 844 265 906 δεῖσθαι
281 843 435 928 φαμένου,
448 840 527 924 μήτε
540 843 659 925 λέγειν·
681 842 832 922 βασιλίδα
852 839 912 927 γὰρ
933 842 1033 925 μηδὲν
1051 840 1126 925 περὶ
1144 835 1246 906 odensi

156 942 340 1024 λογιζεσθαι
369 944 526 1020 τοιοῦτον,
560 939 642 1005 uilici
661 942 796 1023 βασιλέα
819 937 945 1005 οἴεσθαι
974 943 1009 1005 ἐν
1036 943 1132 1019 ζῶσιν
1161 934 1276 1013 eiecisti

119 1086 128 1096 ·
155 1044 213 1104 καί
229 1039 289 1124 τήν
311 1040 477 1120 Ῥωμαίων
503 1035 673 1122 ήγεμονίοιν
699 1034 804 1124 ὥσπερ
828 1038 881 1102 ὑπ’
901 1039 1021 1104 ἐκείνου
1043 1041 1242 1122 διοικεῖσθαι,
1250 1074 1282 1129 ρ,
1290 1078 1342 1132 3⁰⁸

155 1144 221 1206 τεόν
241 1144 308 1204 σοῖν
327 1142 525 1224 μεμνημένην
545 1136 665 1222 λόγων,
687 1129 732 1203 ὧν
753 1134 886 1226 διεξῄεις
906 1135 985 1223 πρός
1006 1137 1130 1221 αότήν,
1152 1135 1244 1224 ήνίκα

155 1238 316 1304 ἐποιεῖσθε
337 1236 396 1312 τὰς
416 1237 622 1320 σομβόσειζ·”
639 1239 794 1322 ,,οόκοῦί’
822 1234 839 1301 ό
860 1240 959 1322 μέγας
980 1241 1161 1318 δομέστικος
1181 1236 1245 1326 ἔφη

120 1337 257 1424 immet
267 1339 328 1419 μὲν
342 1338 459 1422 ἐκείνης
483 1332 564 1402 οότοι
586 1339 640 1403 δεῖ
655 1342 834 1418 πεπεῖσθαι,
855 1332 960 1422 ιόσιιερ
975 1336 1073 1412 αότός
1085 1339 1245 1421 διϊσχορί-

160 1440 210 1525 ζῃ.
252 1440 325 1523 ιτερί
348 1439 383 1502 δὲ
404 1438 463 1502 ooli
481 1440 516 1502 τί
539 1461 614 1501 ποτε
634 1433 737 1516 ἔξεστι
756 1438 894 1519 νομίζειν
901 1462 912 1517 ,·
932 1429 983 1521 ἆρ’
1004 1434 1148 1517 ε’μμενεῖς
1176 1446 1246 1512 ταῖς

160 1535 362 1620 ὁμολογίαις,
382 1538 503 1617 μᾶλλον
523 1539 559 1602 δὲ
579 1544 645 1613 τοῖς
666 1530 790 1622 ὅρκοις,
813 1533 869 1612 mig
885 1533 1023 1619 ἐποιήσω
1044 1530 1123 1620 ιιρός
1145 1539 1202 1618 ἐμὲ
1213 1540 1243 1617 ;”

161 1633 179 1701 ό
199 1637 350 1701 δἀδτίκα
370 1633 466 1717 πόλιν
487 1632 651 1720 οἷναστοὶς,
677 1626 895 1720 ,,εόλογήτός”’
915 1631 1001 1702 εἶπεν
1035 1631 1075 1717 „d
1095 1633 1171 1711 θεός
1190 1635 1247 1701 καὶ

157 1733 261 1821 πατήρ
283 1737 343 1800 τοῦ
368 1737 480 1818 κυρίου
510 1735 601 1820 ήμῶν
624 1737 726 1820 Ἰησοῦ
746 1738 908 1820 Χριστοῦ,
947 1729 997 1800 ότι
1019 1732 1245 1821 καὶπρότερον

121 1826 214 1899 15καί
239 1835 298 1899 νόν
326 1826 433 1918 οἷσπερ
456 1829 543 1899 εἶπον
564 1836 688 1914 supersi
708 1835 764 1898 καί
785 1833 912 1910 ου’δενός
933 1832 1080 1918 α’μελήσω
1098 1837 1160 1900 ταῖν
1180 1836 1245 1900 noir

157 1935 310 1998 δικαίων·
330 1927 398 1997 ἀλλ’
418 1933 590 2013 ἀνθέξομαι
611 1930 709 1997 παντί
723 1935 845 2014 σθένει,
878 1935 918 1997 ov’
938 1929 1036 2015 μόνον
1056 1930 1100 2011 oie
1120 1935 1338 2018 soseri-9390*

156 2058 212 2117 τήν
233 2029 441 2114 οἰμειβόμενος
461 2029 564 2117 ἔργοις
583 2025 733 2113 ἀγαθοῖς,
756 2027 837 2097 oillei
848 2034 904 2097 καί
922 2034 967 2109 ὥς
986 2031 1060 2099 οἱοῦ
1079 2036 1248 2118 κηδόμενος

158 2133 405 2212 πνευματικοῦ.”
427 2133 482 2194 ἐπὶ
502 2129 625 2207 τούτοις
646 2135 681 2198 δὲ
702 2133 788 2223 αὐτήν
804 2131 922 2206 πολλός
943 2128 959 2195 ό
980 2136 1079 2215 μέγας
1100 2136 1246 2213 δομέστι-

158 2255 211 2305 κος
232 2227 368 2315 χάριτας
396 2229 591 2315 ὁμολογήσας
615 2234 671 2295 καί
700 2234 950 2310 συνταξάμενος,
982 2228 1163 2294 καταλιιιιόν
1191 2228 1245 2297 τόν

118 2328 376 2417 νοπατριόρχήν,
397 2322 471 2414 ἧκεν
490 2328 534 2405 τός
553 2330 715 2412 βασιλίδα.
737 2329 756 2413 ή
779 2330 806 2392 δ’
828 2325 926 2404 etoile
946 2329 989 2405 ὥς
1011 2322 1092 2409 εἶδε,
1112 2328 1245 2413 χόριτας

158 2427 298 2515 ἔφασκεν
317 2428 478 2512 ὁμολογεῖν
500 2425 586 2519 αὐτῷ
608 2426 741 2509 πολλὰς,
763 2425 811 2493 ότι
833 2426 855 2491 ἃ
877 2424 1027 2512 πρότερον
1047 2430 1246 2512 ἐπηγγέλλετο

159 2527 289 2612 λόγοις,
312 2532 369 2592 νῦν
389 2522 609 2594 ἀποδείκνυσιν
628 2526 682 2594 ἐπὶ
700 2531 762 2594 τεόν
781 2528 880 2613 ἔργων
900 2529 1023 2612 όλιγθή,
1045 2525 1125 2612 μήτε
1140 2523 1247 2607 σιόμα·

159 2649 213 2704 τος
234 2624 419 2713 φειδόμενος
431 2676 442 2714 ,
463 2627 532 2693 ἀλλ’
553 2625 632 2713 όνιὲρ
654 2630 717 2695 τῶν
738 2632 824 2715 κοινή
855 2627 1083 2714 συμφερόντων
1125 2627 1247 2713 νύκτωρ

165 2876 254 2949 lisque
272 2879 306 2928 sid
326 2883 493 2943 extremum,
516 2879 590 2951 quod
608 2881 736 2946 decrevit,
760 2883 903 2951 complecti
923 2890 951 2934 et
968 2881 1041 2964 «γοοδ
1061 2883 1170 2943 inierit,
1189 2883 1246 2934 sei·

160 2968 226 3004 vare
244 2952 403 3014 constituit,
422 2967 472 3019 ego
489 2968 600 3023 quoqne
621 2952 650 3005 in
668 2952 811 3015 omnibus,
838 2972 908 3024 quae
927 2953 980 3021 ipsi
1010 2952 1161 3020 liberisque
1187 2954 1247 3002 eius·

162 3031 192 3073 et
203 3022 382 3073 Romanorum
401 3024 537 3074 communi
557 3022 719 3087 conducant,
740 3024 902 3086 efficiendis,
921 3024 1025 3074 nullum
1044 3021 1247 3090 diligentissimi
1279 3069 1284 3076 .

162 3089 283 3144 hominis
302 3090 421 3144 officium
444 3094 667 3161 praetermittam.
705 3094 859 3146 Patriarcha
881 3111 941 3147 eum
961 3093 995 3144 de
1013 3096 1170 3160 importuno
1188 3107 1247 3140 ser-

162 3179 243 3215 mone
261 3162 390 3230 eastignre
410 3161 565 3232 dicereque,
582 3180 636 3216 non
656 3165 753 3217 decere
773 3165 826 3217 ista
842 3165 886 3217 vel
904 3164 1021 3233 cogitare
1042 3163 1083 3214 vel
1111 3161 1246 3231 proloqui.

161 3233 331 3302 imperatrici
351 3233 479 3293 enimde
497 3233 571 3286 bello
590 3234 661 3286 nillil
679 3235 869 3287 huiuscemodi
890 3238 918 3286 in
938 3243 1054 3286 mentem
1074 3234 1180 3284 venire:
1200 3229 1249 3282 sed

93 3329 95 3340 ν
163 3303 358 3373 imperatorem
376 3312 473 3372 putare
492 3304 581 3356 adhue
599 3307 689 3359 viuere
718 3315 746 3358 et
766 3306 843 3375 qussi
862 3306 896 3358 ab
916 3305 965 3360 illo
996 3307 1145 3355 Romanum
1172 3304 1250 3368 prio·-

162 3374 284 3443 eipatnm
305 3373 461 3441 gubernari,
480 3392 626 3428 memorem
644 3377 805 3438 verborum,
825 3393 895 3445 quae
915 3378 943 3428 in
965 3375 1050 3442 pactis
1069 3373 1203 3426 faciendis
1215 3390 1250 3428 ex

162 3445 173 3494 i
194 3462 223 3496 so
242 3444 393 3497 domestico
411 3445 540 3499 audierit.
577 3446 648 3497 Tum
668 3446 848 3508 domesticus,
864 3448 906 3498 De
925 3448 971 3498 illu
1001 3446 1111 3516 quidem
1131 3445 1171 3496 sic
1188 3459 1249 3496 cre-

184 3514 303 3578 cndum,
321 3523 352 3568 ut
370 3515 504 3568 affirmas:
524 3515 559 3568 de
577 3524 606 3568 te
625 3518 803 3587 aulem-qnid
822 3516 1014 3570 sentiendum?
1041 3514 1145 3587 Ecquid
1162 3516 1249 3583 pactis

164 3592 238 3637 stas:
256 3587 311 3639 imo
329 3602 392 3638 vero
411 3587 590 3647 iuramentis,
608 3587 708 3657 quibus
727 3595 754 3639 te
772 3588 842 3639 mihi
862 3585 1052 3654 obstrinxisti?
1094 3587 1145 3637 llic
1163 3584 1250 3654 patri-

163 3656 249 3708 archa
268 3657 368 3707 iterum
386 3673 551 3726 exsurgens,
569 3659 632 3720 sit,
653 3658 816 3711 Benedictus
837 3660 910 3711 Deus
928 3667 956 3710 et
972 3660 1050 3711 Pater
1068 3656 1179 3708 Domini
1198 3671 1250 3707 no-

164 3727 216 3778 stri
235 3727 296 3777 lesu
316 3726 436 3791 Christi,
455 3727 529 3796 quod
549 3736 578 3779 et
593 3730 669 3798 prius
688 3730 805 3790 servavi,
827 3747 898 3799 quae
918 3730 993 3790 disi,
1017 3736 1045 3779 et
1063 3744 1137 3777 nunc
1158 3741 1251 3777 servs-

164 3794 223 3860 bo,
242 3795 370 3867 nihilque
387 3797 536 3866 negligam,
554 3800 629 3869 qood
648 3798 701 3850 tibi
721 3801 781 3852 iure
800 3798 945 3851 debeatur:
970 3798 1019 3851 sed
1042 3794 1168 3851 omnibus
1191 3811 1256 3848 uer·

164 3866 206 3918 vis
234 3864 368 3919 tuendum
386 3875 414 3920 le
434 3868 598 3936 concipiam,
618 3887 674 3922 non
695 3870 784 3922 solum
808 3878 839 3921 ut
856 3870 928 3922 bene
946 3870 1045 3921 merito
1064 3865 1251 3936 respondeam,

165 3952 261 3990 verum
289 3946 321 3988 ut
348 3936 382 3989 de
407 3938 463 3989 lilio
490 3954 600 4008 quoque
626 3940 764 4008 spirituali
783 3941 917 3992 solicitus.
955 3939 1006 3992 Cui
1025 3948 1087 4010 post
1104 3946 1175 3989 actas
1194 3950 1254 4004 gra-

168 4008 221 4059 tias
252 4008 407 4061 valedicens
431 4025 543 4078 magnus
571 4009 751 4072 domesticus,
778 4011 813 4062 ab
839 4026 872 4062 co
891 4008 925 4061 ad
943 4010 1140 4079 imperatricem
1163 4005 1253 4073 digre-

168 4075 249 4132 ditur.
287 4078 378 4148 Quem
408 4078 456 4130 illa
481 4078 563 4132 simul
588 4088 619 4131 ut
645 4082 803 4150 conspexit,
828 4088 916 4149 grates
939 4097 968 4131 se
987 4079 1029 4131 illi
1050 4094 1157 4147 magnas
1175 4088 1257 4148 agere.

168 4147 331 4213 affirmavit,
359 4148 435 4218 quod
459 4150 550 4203 verbis
582 4152 732 4219 promissa,
760 4167 832 4204 σασα
860 4150 941 4201 rebus
960 4150 1146 4207 confirmaret,
1164 4149 1254 4213 nequo

169 4221 275 4289 torpori
295 4234 429 4291 peccem,
447 4236 508 4273 cuns
525 4230 609 4274 noctu
626 4222 729 4292 diuque
747 4239 796 4292 pro
819 4221 973 4292 republica
992 4219 1145 4273 laboraret:
1164 4223 1255 4286 neque
