2934 4700
217 321 301 381 200
614 319 894 389 camacum!

68 474 386 558 ὰαιδλιγενημένων
415 468 517 557 δρκαν
544 469 753 554 αἰνεμᾲιυησκε
783 468 902 551 pannis)
930 467 1094 551 βασιλίδος
1113 467 1169 530 καί
1185 463 1300 534 αὐτοῦ.

49 569 54 582 “
183 633 187 642 ,
218 569 274 648 οὓς
293 569 429 658 ἔφασκεν
448 573 585 656 α’κριβαῖς
606 568 701 645 αὐτὸς
719 572 833 655 τηραῖν,
853 565 916 634 ὖιιὸ
936 566 1099 650 pesestas
1112 589 1299 651 παρασπον-

216 669 332 756 δοδσης
351 676 577 755 πολεμεῖσθαι,
606 667 818 757 συκοφάνταις
835 666 1017 752 ἀνθρώποις
1035 661 1092 732 καί
1108 664 1300 753 διεφθορόσι

215 775 441 854 πεπεισμένης·
480 768 529 837 ἔτι
548 771 585 836 δὲ
604 772 660 835 καί
678 775 742 836 τῶν
764 769 850 857 αὐτῷ
867 768 1077 851 γεγενημένων
1097 759 1198 856 ὅρκων
1217 761 1298 849 πρὸς

216 867 336 952 αὐτόν,
367 869 411 945 ὥς
425 872 474 940 ,ου’
495 870 684 955 περιόψεται
703 866 765 933 ὑπὸ
786 868 993 953 συκοφαντῶν
1012 860 1109 932 adsis
1128 862 1320 948 διαβαλῶ-5

216 992 328 1052 μενον,
350 968 430 1034 atto
451 972 555 1036 unione
575 969 746 1049 ἐνδείξεται
766 964 1007 1053 ornatissimo
1028 968 1139 1050 αὐτοῦ,
1159 959 1182 1051 ή
1201 965 1299 1050 τάλη-

116 1073 368 1153 tammonem
395 1071 509 1151 εἰπεῖν,
542 1069 624 1153 ὑπὲρ
655 1068 757 1133 adreci
777 1066 912 1138 δικαίου.
952 1066 976 1132 δ
995 1065 1034 1151 δή
1054 1068 1099 1143 εἰς
1117 1063 1300 1133 codrantes

219 1171 374 1254 περιέστη,
397 1171 453 1233 καί
470 1168 488 1233 δ
509 1167 642 1250 πόλεμος
662 1172 697 1247 ἐξ
715 1171 835 1235 ἐκείνου
856 1164 932 1252 ἔσχε
952 1166 1011 1251 τήν
1031 1166 1151 1253 ἀρχήν,
1178 1164 1236 1253 ὑφ’
1259 1155 1300 1231 οὗ

184 1269 398 1337 cantassem
412 1269 602 1353 δικαιότερος
614 1270 734 1351 μᾶλλον
747 1262 797 1352 ἦν.
819 1268 920 1333 ἐδεῖτό
931 1290 965 1333 τε
977 1264 1023 1351 μή
1037 1268 1165 1332 τοιαῦτα
1175 1263 1301 1350 γινόμε·

217 1392 257 1435 να
279 1371 447 1457 περιορᾷν,
466 1371 533 1436 αλλ’
551 1365 790 1449 ἔλεονλαβόντα
804 1369 868 1433 τῶν
883 1366 1107 1448 ἀπολλυμένων
1122 1363 1344 1449 depasente»

217 1467 305 1553 παρὰ
320 1469 422 1531 πάντα
436 1471 492 1532 τοῦ
510 1470 633 1533 δικαίου
648 1464 753 1550 λόγον,
773 1467 888 1549 ονήναι
899 1464 980 1552 πρὸς
990 1463 1046 1551 τήν
1056 1462 1227 1551 συμφορὰν
1236 1462 1302 1528 καὶ

217 1564 256 1632 τὰ
266 1568 369 1653 πολλῷ
385 1563 542 1651 δεινότερα
552 1563 686 1652 ἐσόμενα
698 1569 849 1650 κωλῦσαι,
871 1564 1089 1634 καταλύσαντα
1099 1562 1154 1630 τὸν
1164 1562 1300 1646 πόλεμον

216 1665 275 1730 καί
285 1662 474 1750 διαλλακτήν
488 1668 687 1751 γεγενημένον
703 1670 867 1748 βασιλίδος
880 1667 935 1734 καί
945 1667 1057 1749 edroi,
1071 1663 1145 1749 ὅπερ
1157 1661 1300 1744 μα’λιστα

218 1763 308 1850 αὐτῷ
324 1762 502 1849 προσήκειν,
522 1762 622 1850 πατρί
637 1766 730 1852 κοινῷ
742 1767 797 1831 καί
815 1765 995 1854 διδασκάλῳ
1018 1763 1217 1849 δικαιοσύνης
1235 1759 1298 1827 ini

219 1865 279 1927 τοῦ
289 1866 369 1927 θεοῦ
384 1868 674 1953 κεχειροτονημένῳ.
698 1863 825 1942 πάντας
838 1867 875 1931 δὲ
888 1868 982 1932 addis
998 1864 1087 1951 ἔργον
1100 1863 1201 1945 ἔσται,
1221 1859 1341 1927 sistra

146 1991 151 1998 ·
215 1969 342 2042 πολλῶν
353 1963 498 2048 δεήσεται
515 1960 616 2048 λόγων
630 1961 706 2049 πρὸς
721 1962 829 2049 asiam,
845 1967 916 2031 αλλ’
928 1966 1023 2048 δρκεῖ
1035 1961 1129 2047 μόνον
1147 1964 1300 2051 δφδήναι,

219 2068 276 2132 καί
287 2068 376 2148 πᾶσα
399 2059 561 2149 πρόφασις
576 2067 713 2146 πολέμου
732 2063 1021 2152 περιαιρεθήσεται.
1052 2065 1083 2130 εί
1096 2068 1126 2133 δ’
1145 2058 1209 2152 ἄρα
1228 2062 1301 2130 ταί-

219 2190 283 2232 των
298 2160 432 2250 μηδενὸς
448 2160 590 2247 μελήσει,
607 2166 687 2249 μηδὲ
706 2163 767 2249 τήν
782 2162 1002 2250 προσήκουσαν
1016 2164 1090 2251 περί
1102 2163 1160 2251 τήν
1172 2160 1299 2249 εἰρήνην

193 2285 196 2292 ’
221 2260 559 2348 ίνδειξεταισπουδήν,
581 2262 679 2329 αὐτὸν
700 2267 761 2348 μὲν
776 2265 876 2330 α’κνείν
890 2264 997 2348 εἰπεῖν,
1016 2268 1096 2332 πᾶσι
1110 2269 1145 2332 δὲ
1155 2260 1236 2330 εἶναι
1247 2262 1303 2330 καί

189 2368 408 2452 Βσιγήσαντος
420 2369 612 2452 καταφανὲς,
630 2364 674 2441 ὥς
687 2368 724 2431 ἐκ
740 2369 806 2431 τῶν
818 2367 918 2432 αὐτοῦ
931 2370 1051 2453 χειροῖν
1069 2368 1109 2432 τὰ
1123 2366 1346 2454 ἑκχυθηοό-αο

218 2491 300 2551 μενα
320 2469 383 2532 τῶν
406 2460 583 2550 ἀνθρώπων
605 2466 724 2545 αἵματα
744 2464 849 2540 δεόςό
865 2466 985 2545 δίκαιος
1004 2465 1165 2553 δκζητήσει
1185 2465 1302 2554 κριτής,

219 2569 310 2653 ἠξίου
337 2589 387 2649 τε,
408 2563 453 2649 μή
476 2562 529 2629 διαὶ
553 2566 672 2630 δειλίαν
691 2563 881 2633 τὰτοιαῦτα
900 2569 1038 2650 νομιζειν
1059 2570 1204 2633 δεῖσθαι·
1241 2562 1304 2651 τήν

218 2801 225 2808 -
311 2771 350 2823 ιλ.
368 2769 556 2839 γεγενημένου
574 2771 604 2823 Ρ.

222 2932 326 2980 secreto
345 2924 451 2977 litteras
470 2926 593 2995 scripsit,
614 2941 732 2996 eumque
751 2926 894 2980 iuramenti
914 2929 985 2980 inter
1003 2944 1032 2981 sc
1050 2936 1077 2982 et
1101 2925 1302 2997 imperatricem

221 3013 312 3050 eoram
338 3011 371 3047 eo
398 2996 522 3066 concepti
552 2996 713 3059 admonuit,
741 2998 816 3068 qnod
835 3000 893 3067 ipse
911 2999 1037 3066 religiose
1056 3014 1180 3060 servans,
1198 2995 1232 3047 ab
1249 2994 1301 3046 illa

220 3067 390 3137 foedifrage,
409 3066 581 3134 sycophantia
598 3074 627 3120 et
644 3066 837 3136 pestilentibus
857 3068 1022 3139 quibusdam
1043 3067 1201 3122 hominibus
1220 3063 1303 3117 fidem

220 3138 358 3200 habente,
375 3138 455 3189 armis
472 3138 657 3189 lacesseretur.
694 3139 810 3207 insuper
826 3141 857 3191 ia
875 3142 1030 3192 memoriam
1050 3139 1204 3208 redigebat,
1230 3150 1303 3204 quae

220 3211 281 3279 ipso
298 3207 451 3278 patriarcha
469 3208 523 3259 sib'i
543 3223 603 3259 cnm
623 3216 791 3261 sacramento
805 3211 982 3281 promisisset,
1001 3227 1058 3264 non
1072 3225 1211 3279 passurum
1228 3206 1305 3258 calu·

221 3278 303 3334 mniis
331 3279 468 3348 opprimi,
494 3277 542 3330 sed
563 3295 613 3346 pro
644 3280 722 3348 ipso,
749 3289 815 3343 sut,
837 3286 869 3331 nt
887 3283 977 3333 aerius
996 3282 1101 3344 dicam,
1126 3296 1175 3349 pro
1194 3275 1302 3331 iustitia

220 3350 326 3402 nullam
353 3348 558 3401 contentionem
587 3348 782 3417 delegiturum.
821 3348 899 3420 Quae
932 3353 962 3404 in
986 3353 1150 3404 contrarium
1175 3360 1303 3401 conversa

221 3422 295 3481 sint,
313 3437 373 3470 cum
393 3419 496 3471 bellom
514 3418 550 3469 ab
570 3436 602 3471 eo
621 3419 762 3471 exordium
774 3420 917 3490 ceperit,a
937 3439 991 3491 qno
1010 3423 1040 3474 id
1057 3421 1169 3492 reprimi
1187 3415 1305 3488 aequius

222 3489 327 3542 inisset.
373 3488 543 3543 obsecrabat
565 3489 646 3552 item,
670 3506 706 3541 ne
737 3488 805 3543 haec
832 3492 1022 3560 permitteret,
1045 3494 1094 3546 sed
1115 3485 1306 3544 misericordia

220 3568 331 3631 praeter
351 3560 394 3611 ins
413 3562 509 3630 t‘asqne
526 3560 699 3629 pereuntium
717 3569 822 3630 captas,
838 3561 987 3615 calamitati
1006 3570 1159 3616 occurreret
1176 3568 1215 3624 et,
1233 3573 1305 3630 quac

222 3630 311 3684 molto
344 3628 434 3682 adhuc
456 3631 591 3683 atrociora
617 3631 825 3700 impenderent,
855 3632 930 3686 bello
965 3631 1121 3702 dissipando
1152 3636 1307 3685 averterets

203 3732 205 3736 »
224 3702 354 3771 qnodque
372 3702 432 3762 illi,
452 3710 483 3753 nt
502 3700 638 3755 communi
655 3701 765 3770 parenti
779 3716 811 3753 ec
824 3703 951 3770 magistro
969 3703 1091 3756 iustitiae
1108 3704 1190 3757 aDeo
1207 3701 1307 3763 electo,

222 3771 437 3843 pulcherrimum
461 3779 547 3836 esset,
573 3774 649 3822 inter
666 3787 695 3823 se
713 3779 743 3824 et
759 3772 959 3842 imperatricem
979 3773 1150 3828 concordiam
1169 3774 1305 3824 instaura-

223 3850 275 3896 rat.
312 3841 432 3894 Omnino
458 3852 548 3896 antem
575 3842 648 3896 nllril
677 3841 736 3896 iore
753 3844 877 3913 negotii,
895 3861 985 3916 neque
1004 3847 1090 3898 mnlts
1104 3836 1151 3897 illi
1167 3843 1252 3895 verba
1268 3839 1305 3892 ad

224 3930 285 3967 eam
313 3913 456 3977 iacienda3
484 3913 532 3966 scd
557 3912 615 3965 solo
636 3912 765 3982 adspectu
786 3928 861 3966 arma
879 3916 971 3968 statim
998 3924 1154 3970 revocatum
1175 3914 1219 3964 iri
1254 3910 1305 3963 Sin

223 3983 322 4036 lrornm
341 3982 412 4035 nihil
431 3984 456 4034 ei
476 3999 555 4037 curae
573 3983 675 4048 inerit,
693 3999 744 4035 nec
763 3984 871 4047 studio,
889 4000 943 4057 quo
964 3986 1056 4047 decet,
1073 4001 1168 4056 pacem
1193 3994 1305 4034 corase·

223 4056 275 4117 rit‚
292 4055 383 4122 ipsum
402 4053 514 4123 quidem
532 4055 618 4107 vereri
639 4054 745 4118 dicere,
763 4053 839 4177 φοοδ
857 4063 947 4109 tamen
963 4058 1008 4110 rel
1027 4065 1135 4110 tacente
1158 4070 1188 4106 sa
1207 4061 1306 4105 notum

145 4164 152 4174 .
223 4126 261 4178 sit
279 4122 426 4187 omnibns,
445 4127 557 4177 eiirrsnm
576 4126 737 4194 sangninem
762 4140 798 4176 se
816 4142 897 4177 mann
920 4129 978 4179 eiras
998 4144 1013 4178 a
1031 4128 1102 4179 iusto
1128 4122 1218 4179 indice
1241 4124 1303 4178 Deo

223 4192 427 4265 requirendum.
464 4194 586 4264 lingebat
603 4197 703 4259 etiarn,
721 4211 756 4247 ne
773 4196 872 4249 timore
889 4196 981 4267 aliquo
998 4197 1064 4250 haec
1087 4199 1144 4269 peti
1163 4195 1306 4250 existima-

225 4272 283 4328 ret,
301 4264 411 4333 qnando
430 4280 524 4318 eornm
544 4263 635 4336 copias
654 4268 714 4336 ipse
731 4267 826 4321 maltis
845 4266 970 4337 partibus
987 4277 1143 4339 superaret5
1159 4264 1208 4321 aad
1231 4267 1306 4331 ideo,
