2934 4700
241 297 327 399 aad
636 323 918 390 muraenam

91 471 432 560 derilsrootpa'ropo
452 474 585 556 πέμψας
604 463 660 556 ἦν,
694 467 782 556 ἥκειν
804 469 862 554 τὴν
882 473 1036 554 ταχίστην
1056 465 1327 551 ἐπαγγέλλοντος,

152 567 154 571 ’
238 574 283 653 ὥς
296 580 358 641 τῶν
370 575 469 638 ἐκεῖσε
482 571 607 637 πάντων
629 568 691 635 aino*
708 566 986 655 πρωτοστράτορος
1000 567 1102 641 καλῶς
1116 567 1326 654 διῳκημένων.

239 671 342 741 ἐδόκει
355 675 414 755 μέν
431 664 489 736 οὖν
503 672 559 735 καί
576 675 713 752 βασιλεῖ,
733 666 778 751 μη
798 671 924 751 μέλλειν
946 670 1030 742 δεῖν,
1053 663 1133 729 άλλάι
1153 661 1232 748 πρὸς
1244 662 1330 727 Θεσ-

240 774 405 859 σαλονίκην
425 774 604 853 ἐπείγεσθαι
625 761 724 835 οάσαν
746 765 928 851 άναγκαίαν.
970 768 1033 830 τῶν
1053 761 1132 849 πρὸς
1149 760 1206 849 την
1225 783 1330 844 τειχο-

240 876 362 958 μαχίαν
394 874 429 936 δὲ
455 866 580 935 πάντων
609 860 670 955 ἤδη
692 867 1013 952 παρεσκευασμένων,
1039 865 1187 940 ἐκέλευεν
1206 864 1251 937 είς
1270 858 1352 946 τηνὸ

238 970 405 1058 ὑστεραίαν
436 963 503 1051 tipo
534 969 623 1052 πραλ
649 970 712 1032 τῶν
741 967 854 1048 τειχῶν
875 964 1210 1049 άποπειρασαμένους,
1233 962 1264 1024 εἰ
1279 956 1327 1044 μη

204 1070 387 1141 Βδάναιντο
407 1066 696 1153 παραστήσασθαι,
727 1068 766 1154 τῇ
796 1066 864 1146 μετ’
888 1060 988 1146 αδτην
1016 1063 1070 1147 τῆς
1101 1062 1147 1137 είς
1167 1061 1332 1126 Θεσσαλο-

239 1169 327 1253 νίκην
346 1165 480 1252 ἔχεσθαι
502 1162 668 1253 φερούσης.
711 1162 793 1229 σάτον
813 1165 873 1243 μὲν
899 1151 957 1227 οὖν
976 1161 1138 1235 ἐδέδοκτο.
1176 1156 1234 1223 καί
1257 1152 1330 1238 ἅμα

238 1270 328 1355 πρωῒ
343 1269 376 1344 ές
393 1264 451 1351 τὴν
469 1266 639 1351 ὑστεραίαν
660 1262 871 1344 ὁπλισάμενοι
880 1312 890 1342 ,
911 1263 1107 1347 προσέβαλον
1125 1266 1191 1333 τοῖς
1209 1258 1331 1340 τείχεσι

240 1363 446 1450 προσάγοντες
465 1365 522 1441 τάς
541 1362 698 1448 μηχανάς.
738 1360 792 1427 διά
816 1363 917 1446 πάσης
937 1362 973 1425 δέ
992 1357 1113 1445 ἡμέρας
1142 1358 1196 1441 τῆς
1221 1376 1376 1439 τειχο-εο

240 1467 361 1549 μαχίας
381 1461 620 1550 καρτερωτάτης
640 1463 860 1547 γεγενημένης,
890 1462 1007 1547 μικροῦ
1021 1460 1081 1541 μὲν
1099 1458 1226 1540 ἐδέησεν
1246 1454 1333 1519 ἁλῶ·

240 1591 318 1647 ναι,
341 1570 456 1630 πέντε
477 1560 636 1645 κλιμάκων
658 1563 942 1646 προσερειοθεισοῖν
963 1566 1027 1634 τοῖς
1052 1559 1172 1640 τείχεσι
1195 1555 1252 1619 καί
1267 1578 1334 1638 μη-

242 1660 422 1749 χανήματός
442 1684 526 1737 τινος
546 1663 600 1728 ἐπί
626 1662 750 1743 τροχοῖν
777 1654 918 1743 χελώνης
944 1655 1264 1743 προσαγορευομένου.
1309 1654 1333 1740 ἦ

242 1761 300 1839 νάξ
321 1765 357 1827 δέ
376 1758 491 1826 ιιάτίκα
512 1763 713 1843 ἐπιγενομένη
743 1756 912 1823 διεκώλυσε
934 1756 992 1843 την
1011 1753 1140 1822 ἅλωσιν.
1180 1752 1210 1818 σί
1238 1760 1334 1820 πολι-

244 1856 429 1944 ορκούμενοι
449 1862 485 1924 δὲ
506 1859 686 1940 δείσαντες,
701 1856 745 1942 μη“
767 1860 812 1934 είς
832 1855 891 1941 τὴν
911 1856 1083 1942 ὑστεραίαν
1102 1847 1199 1930 αὖθις
1221 1851 1376 1938 μάχηςιὸ

241 1955 342 2026 ἁλῶσι
361 1963 540 2045 γενομένης,
562 1954 790 2042 ἐβουλεύσαντο
805 1953 916 2034 νυκτός
935 1957 1054 2031 πίστεις
1074 1949 1220 2044 λαβόντες
1240 1950 1333 2038 παρά

242 2061 415 2141 βασιλέως,
449 2056 596 2147 ὄμολογίη
624 2055 679 2142 την
707 2056 802 2122 πόλιν
822 2057 1033 2142 παραδοῦναι.
1075 2055 1132 2118 καί
1150 2047 1219 2137 άμα
1246 2053 1339 2138 upari

243 2159 359 2223 ἐκτῶν
379 2160 492 2239 τειχῶν
512 2165 579 2233 τοῖς
598 2157 643 2231 εἰς
661 2150 696 2221 τδ
718 2155 932 2242 στρατόπεδον
951 2154 1095 2220 ἐκέλευον
1121 2152 1250 2250 μηνάειν
1268 2155 1334 2235 βα-

151 2261 344 2344 Ρηεᾶσιλεϊ,
374 2258 405 2320 εἰ
431 2254 577 2337 βούλοιτο
604 2256 658 2322 ἐπί
677 2250 836 2338 συμβάσει
854 2252 911 2339 την
937 2248 1028 2318 πάλιν
1057 2246 1329 2337 παραλαμβάνειν.

242 2357 344 2441 ἡδέως
364 2357 400 2421 δέ
420 2356 576 2435 βασιλέως
596 2351 652 2420 τάν
670 2353 763 2439 λόγον
785 2355 955 2437 δεξαμένου
970 2349 1027 2418 καί
1043 2346 1220 2427 κελεάοντος
1242 2343 1374 2436 ἧκειναο

243 2452 323 2539 πράς
344 2449 458 2535 adsis,
482 2451 525 2529 ὥς
543 2453 644 2519 πάντα
666 2448 836 2539 πράξοντας
869 2453 977 2527 αάτοῖς
1005 2447 1045 2515 τά
1071 2448 1152 2516 κοντοὶ
1182 2447 1333 2534 γνώμην,

243 2546 319 2638 ἧκον
338 2557 396 2618 τοῦ
414 2576 446 2617 τε
467 2555 567 2637 δήμου
588 2550 645 2616 καί
663 2554 725 2617 τῶν
743 2552 820 2635 παρ’
841 2544 951 2628 αάτοίς
979 2551 1119 2615 δυνατῶν
1148 2543 1248 2633 ὄλίγοι
1276 2551 1335 2612 καί

245 2655 308 2715 τῶν
330 2655 375 2739 τῷ
395 2647 498 2739 κληριρ
517 2651 573 2733 τῆς
593 2654 669 2735 παρ’
696 2644 801 2724 αὐτοῖς
822 2650 986 2734 ἐκκλησίας
1007 2646 1260 2731 κατειλεγμένων.
1280 2647 1333 2710 oi-

242 2754 313 2825 τιάς
336 2752 370 2814 δέ
394 2744 497 2834 άίσπερ
520 2746 709 2825 άπολάοντες
737 2746 869 2825 ἐαυτοάς
891 2749 946 2815 έπί
964 2751 1009 2837 τῷ
1028 2742 1109 2813 ὅπλα
1138 2748 1332 2832 κεκινηκέναι

243 2845 323 2934 πρὸς
344 2843 460 2930 αάτὸν,
496 2846 530 2914 τὸ
550 2849 621 2913 δέον
649 2845 773 2936 ἔφασαν
794 2851 1004 2934 πεποιηκέναι.
1045 2844 1245 2930 δμαμοκέναι
1264 2843 1370 2934 γάρης

241 3141 339 3196 antes,
365 3135 472 3188 veniret
489 3149 570 3204 qum
589 3135 764 3196 maturrime,
789 3136 881 3186 amata
908 3149 924 3185 ε
943 3138 1146 3255 protostrstore
1173 3133 1232 3185 illio
1257 3131 1331 3185 bene

244 3205 434 3257 administrari.
470 3204 511 3257 Ne
528 3205 677 3274 imperator
694 3203 807 3277 quidem
824 3208 941 3257 eunctsn
962 3221 1016 3265 um,
1033 3203 1081 3256 sed
1097 3203 1331 3265 Thessalonicam,

243 3284 276 3327 ut
293 3275 328 3325 ad
345 3274 441 3327 arbem
460 3274 572 3325 maximi
594 3276 745 3338 momenti,
762 3273 949 3327 festinandum
968 3274 1063 3341 duxit,
1082 3281 1110 3325 et
1128 3272 1253 3325 omnibus
1274 3274 1331 3325 iam

244 3344 280 3395 ad
300 3346 409 3396 moenia
425 3343 587 3396 Peritbeoril
605 3344 786 3415 oppugnanda
804 3344 951 3409 coniectis,
972 3344 1126 3417 praecepit,
1147 3345 1181 3396 iis
1196 3345 1331 3412 postridie

245 3414 291 3466 die
309 3414 485 3465 illucescente
503 3417 632 3477 tentatis,
649 3417 672 3467 si
686 3424 797 3469 wnotus
815 3432 871 3468 noo
884 3414 1078 3486 responderet,
1096 3415 1141 3466 die
1154 3416 1238 3466 tertio
1256 3415 1330 3467 viam

244 3498 336 3537 versos
363 3483 583 3536 Thessalonicam
602 3480 754 3553 'arriperet
788 3486 833 3536 Sic
857 3486 972 3539 censuit.
1009 3485 1060 3536 Die
1083 3493 1194 3547 exorto,
1220 3500 1329 3548 muros,

243 3553 360 3607 admotis
373 3555 456 3606 etiam
476 3554 743 3617 machinationibus,
761 3556 909 3622 invadunt3
928 3570 996 3627 quos
1015 3571 1075 3606 cum
1095 3563 1153 3606 toto
1173 3554 1219 3607 die
1237 3572 1329 3624 oppo-

244 3631 371 3693 gnassent
394 3625 541 3687 acerrime,
567 3641 662 3692 parum
686 3625 793 3690 abluit,
817 3629 884 3698 quin
908 3641 954 3677 eos
981 3633 1038 3678 acta
1061 3628 1115 3677 iam
1140 3624 1279 3677 testudine
1300 3636 1330 3680 et

244 3696 324 3746 scalis
341 3693 481 3764 applicitis
500 3694 728 3762 conscenderent3
747 3696 796 3748 sed
812 3698 900 3750 noctis
918 3698 1085 3749 luterventus
1103 3711 1159 3747 rem
1176 3695 1328 3766 impedivit,

245 3763 357 3817 Obsessi
377 3773 546 3827 metuentes,
584 3783 618 3817 ne
637 3765 683 3819 die
708 3770 835 3837 sequenti
859 3784 948 3838 pugna
973 3769 1121 3820 instaurata
1148 3774 1327 3836 caperentur,

240 3841 324 3887 noctu
342 3833 505 3899 decernunt,
529 3834 582 3888 fide
600 3835 633 3887 ab
658 3837 821 3905 imperatore
842 3844 961 3908 accepta,
986 3836 1082 3888 urbem
1101 3836 1210 3894 dedere.
1245 3837 1328 3890 Mane

242 3903 277 3956 de
296 3904 439 3956 moenibus
466 3907 608 3959 clamorem
626 3908 656 3958 in
674 3914 760 3958 eastra
782 3907 892 3970 dantes,
924 3907 1080 3977 imperatori
1103 3907 1254 3959 renuntiari
1279 3909 1328 3958 iu-

242 3973 327 4036 bent,
351 3976 373 4026 si
397 3975 478 4038 velit,
498 3993 531 4028 es
547 3985 626 4046 paeto
645 3984 779 4030 convento
799 3980 936 4031 civitatem
956 3980 1080 4046 accipiat.
1116 3978 1168 4029 ille
1186 3977 1238 4029 hoc
1251 3992 1326 4029 nun-

241 4046 283 4097 tio
305 4045 425 4112 gavisos,
450 4063 495 4098 eos
522 4057 629 4108 evocat,
652 4049 788 4099 sactorum
815 4065 859 4111 se,
881 4065 951 4119 quae
971 4056 1082 4116 optent,
1101 4049 1202 4104 omnia.
1239 4046 1326 4099 Veni·

244 4123 295 4167 unt
312 4116 347 4168 de
363 4116 446 4184 plebe
466 4126 494 4169 et
509 4119 686 4187 optimatibus
702 4120 802 4188 pauci,
833 4119 867 4171 de
886 4120 958 4171 clero
980 4119 1046 4172 item
1064 4119 1198 4170 nonnulli.
1235 4118 1327 4187 Atque

243 4192 275 4237 nt
292 4201 320 4238 se
338 4196 484 4256 purgarent
507 4188 722 4257 quodammodo,
748 4190 829 4241 aliter
853 4204 881 4240 se
907 4189 995 4241 lacere
1021 4190 1159 4258 nequiisse
1181 4186 1328 4240 dixerunt:

243 4264 388 4329 propterea
404 4258 477 4331 qaod
493 4260 648 4331 nuperrimo
667 4267 836 4314 sacromento
854 4267 986 4331 concepto
1004 4260 1217 4332 spoponderint,
1233 4272 1262 4313 se
1275 4260 1329 4313 lm·
