2934 4700
218 241 299 357 196
612 252 893 326 cimicum!

67 439 131 494 ne.
144 427 345 510 ιλίυόλίγους,
367 421 424 507 τήν
443 415 597 505 στρατιάν
616 409 733 498 πολλὴν
753 413 809 475 καὶ
826 402 954 491 ἀγαθὴν
972 392 1073 468 οόσαν
1091 394 1296 483 παραλαβών,

120 571 124 578 -
214 528 327 610 ἐξῆλθε
354 520 588 602 Διδυμοτείχου
618 518 740 599 πέμπτῃ
763 509 915 593 Μαρτίου
934 502 1105 585 ἱσταμένου
1127 499 1182 582 τῆς
1202 491 1295 561 δεκό-

214 650 268 710 της
299 624 500 695 ένδικτιῶνος.
556 606 743 697 προόπεμπέ
771 632 805 673 τε
833 602 950 672 ἑαυτοῦ
971 606 1211 668 Κωνσταντῖνον
1239 589 1298 660 τόν

216 718 451 803 Παλαιολόγον,
471 715 526 782 τόν
546 708 697 779 δεσπότου
720 703 858 792 Μιχαὴλ
879 705 936 771 reri
956 698 1069 776 δουκός
1088 696 1170 779 υἱόν,
1191 694 1234 770 eg
1254 695 1298 757 δι’

217 822 316 888 αότοῦ
333 823 396 884 τῶν
417 810 588 881 δοκούντων
617 814 789 875 λυσιτελεῖν
816 829 886 869 τινα
905 787 1319 888 προπαρασκευασόμενος5

215 918 233 984 ό
263 921 295 984 δ’
323 918 438 984 αὐτίκα
470 911 550 999 πρός
572 906 697 995 Συργὴν
723 904 883 992 ἀφίστατο
903 904 938 966 ἐν
959 903 1100 983 Φεραῖς,
1133 892 1194 960 εἴτε
1224 889 1299 976 περὶ

214 1018 390 1104 τῆςοίκίας
415 1014 541 1093 δείσας,
563 1009 730 1096 (Φεραίοις
751 1003 811 1089 γὰρ
831 997 963 1089 συνῴκει
971 1003 997 1087 ,)
1025 995 1089 1062 εἴτε
1118 992 1175 1060 καί
1193 993 1298 1058 οἰωνο-

215 1116 350 1199 σόμενος
381 1116 417 1178 ἐκ
443 1115 497 1197 τῆς
528 1112 590 1174 ταῖν
619 1104 741 1170 πόλεων
762 1103 975 1183 ἀποστασίας,
995 1095 1040 1174 τός
1060 1095 1100 1160 οδ
1119 1089 1199 1159 serui
1220 1090 1299 1176 ῥοόν

216 1217 374 1300 βασιλέως
400 1208 662 1291 Καντακουζηνοό
692 1203 732 1268 τό
763 1197 930 1288 πράγματα
958 1193 1110 1283 χωρήσει.
1149 1188 1300 1277 βασιλεύς

217 1319 262 1396 δὲ,
285 1313 388 1379 καίτοι
418 1313 482 1376 τῶν
512 1306 732 1392 τραπομένων
759 1296 797 1365 eti
822 1296 906 1363 πόνυ
925 1293 1068 1382 χρηστός
1090 1294 1218 1366 ἐλπίδας
1238 1305 1345 1354 ιτα-ιο

218 1412 392 1500 ρεχόντων,
429 1405 486 1493 τὴν
519 1400 670 1490 στρατιὰν
704 1399 787 1484 ἔχων
818 1398 1099 1481 ἐστρατοπέδευσεν
1132 1393 1167 1458 έν
1196 1388 1301 1478 Brige.

122 1532 208 1601 Ρ,454
221 1512 383 1599 ἀφθονίαν
410 1510 446 1572 δὲ
465 1508 535 1570 ἐκεῖ
547 1510 612 1578 τοῖς
632 1502 739 1574 ἵπποις
755 1502 813 1563 τοῦ
831 1494 927 1561 τόπου
949 1496 1143 1579 παρέχοντος
1162 1491 1302 1576 τροφῆς,

218 1607 324 1699 (οόπω
343 1605 406 1693 γὰρ
428 1600 468 1691 ἦν
488 1599 662 1668 ἀπολαύειν
680 1593 828 1685 ἀφθόνου
849 1595 1011 1680 πανταχοῦ
1032 1591 1087 1658 διόι
1108 1588 1167 1674 τὴν
1196 1583 1301 1674 ἀόραν,

217 1705 292 1796 ripn
323 1702 503 1792 ἀρχομένου
532 1699 659 1786 ἔαρος,)
690 1698 878 1784 παρέμεινεν
895 1694 1017 1780 ἡμέρας
1038 1692 1076 1756 οδ
1098 1683 1225 1764 πολλός.
1266 1688 1302 1751 έν

217 1805 350 1881 ταύταις
371 1807 407 1869 δὲ
425 1805 485 1868 aeri
505 1800 662 1888 φρουρίου
681 1797 852 1882 ἀπεπείρα,
882 1795 913 1860 εἰ
931 1790 1061 1860 δύναιτο
1081 1796 1250 1872 κατασχεά
1270 1782 1346 1853 siri

218 1908 361 1997 peteys'p.
413 1905 469 1991 βίᾳ
497 1899 557 1985 γόρ
590 1899 859 1984 παραστήσασθαι
880 1895 939 1959 ουίι
957 1886 1053 1979 ἤθελε
1073 1891 1128 1956 διά
1146 1888 1181 1956 τό
1206 1912 1305 1971 μονα·

217 2005 298 2090 χούς
328 2002 365 2069 τό
388 2002 541 2091 φρούριον
560 2005 734 2079 κατοικεῖν,
756 1998 898 2081 συνορῶν
916 1990 970 2074 ἀς,
990 1994 1022 2058 εἰ
1039 1993 1095 2082 βίρι
1117 1991 1305 2075 κρατηδεὺχ,

220 2098 315 2170 οόδὲν
340 2100 432 2167 ἔσται
461 2098 585 2180 λοιπόν,
616 2092 637 2183 ἢ
658 2096 836 2163 ἀνάστατον
854 2097 996 2178 penaeas
1017 2090 1074 2176 vir
1092 2087 1191 2173 μονὴν
1212 2089 1306 2152 πολέ-

219 2226 284 2286 μου
313 2199 400 2289 νόμῳ
422 2197 651 2285 πορθουμένην.
694 2188 734 2259 oi
758 2193 796 2281 δὴ
817 2193 906 2259 ἕνεκα
927 2192 1004 2257 oeae
1026 2185 1180 2263 συντόνως
1200 2190 1306 2254 inett-

220 2300 325 2388 όρκει,
361 2295 442 2366 ἀλλὰ
470 2298 597 2383 δόκησιν
616 2302 749 2382 παρεῖχε
778 2292 897 2377 μόνον,
926 2288 1069 2376 ὦς’πρός
1094 2289 1345 2371 τειχομαχίαντο
1456 2301 1457 2342 3

219 2396 548 2486 παρασκευαζόμενος.
586 2397 722 2479 μοναχοί
751 2394 787 2457 δὲ
817 2391 848 2456 οἷ
872 2389 960 2457 ἔνδον
990 2382 1078 2465 όντες
1097 2391 1153 2453 καί
1171 2387 1188 2450 ό
1208 2379 1304 2463 ἄλλος

194 2496 384 2583 Βόμιλοςέξ
414 2490 557 2580 ἀγροττόν
576 2494 823 2575 συνειλεγμένοι,
854 2488 915 2554 εἴτε
945 2488 999 2554 διά
1026 2487 1083 2573 τήν
1109 2485 1302 2552 ἀποστασίαν

220 2593 416 2675 δεδοικότες,
449 2592 522 2679 (τὴν
554 2590 616 2677 γὰρ
644 2595 799 2673 βασιλέως
825 2586 978 2676 πρότερον
1004 2587 1151 2677 φρουρὰν
1173 2585 1227 2650 καί
1245 2583 1301 2650 τόν

220 2688 379 2783 ἀρχονια,
401 2690 438 2759 όν
456 2692 625 2777 ἐπέστησεν
645 2690 763 2776 αότοῐς,
783 2690 888 2777 ἀπότῃ
908 2685 1117 2772 κατασχόντες
1138 2684 1301 2769 δεσμώτας

279 2880 321 2934 16.
339 2876 577 2948 παραστιίσεοθαι
590 2873 616 2925 P.

225 3066 310 3120 ercitu
330 3061 523 3130 Didymotiche
543 3074 663 3129 egressus
681 3062 722 3110 est
739 3058 821 3111 tertio
845 3055 937 3110 Nonas
957 3054 1061 3117 Maias,
1079 3053 1232 3108 indictione
1257 3057 1305 3111 de·

223 3140 312 3199 eima,
337 3135 485 3205 praemisso
503 3129 686 3185 Constantino
710 3126 886 3198 Pataeeloge,
909 3125 1053 3179 Michaelis
1078 3125 1154 3177 ducis
1175 3126 1303 3195 despotae

224 3210 298 3270 filio,
315 3206 393 3257 cuius
414 3222 430 3254 ο
452 3219 515 3263 era,
529 3216 599 3271 quae
618 3202 648 3251 in
666 3215 721 3249 rem
739 3205 845 3262 essent,
863 3204 1050 3266 praepararet3
1068 3198 1116 3266 qui
1134 3213 1197 3247 mox
1212 3197 1304 3251 Pheris

224 3278 261 3328 ud
288 3277 397 3345 Syrgem
422 3221 539 3333 «icteris,
562 3270 619 3323 sive
636 3269 712 3340 quod
729 3268 824 3321 domui
846 3286 909 3319 suae
926 3268 1050 3330 timeret,
1067 3266 1144 3335 (illie
1164 3268 1238 3318 enim
1256 3266 1305 3320 ba·

224 3346 364 3413 bitabat‚)
390 3343 447 3396 sive
491 3339 565 3411 quod
589 3358 622 3391 ex
646 3338 754 3395 urbium
780 3337 934 3391 deiectione
959 3336 1140 3389 Cantneuzeni
1167 3338 1305 3391 fortunam

224 3416 356 3469 afflictum
382 3414 415 3466 iri
438 3411 629 3480 augurabatur.
670 3409 838 3479 Imperator,
860 3409 966 3459 tametsi
987 3424 1020 3459 ex
1038 3416 1163 3460 anteacto
1182 3414 1303 3478 tempore

224 3500 282 3538 non
307 3484 396 3537 bonae
420 3497 481 3550 spes
505 3481 686 3548 affulgerent,
713 3480 749 3530 ad
773 3479 869 3531 Bernm
896 3476 1028 3537 constitit,
1063 3478 1119 3548 Qui
1147 3480 1223 3530 locus
1241 3496 1305 3535 eum

224 3556 304 3624 equis
332 3555 435 3605 laetum
458 3549 590 3620 pabulum
612 3551 717 3603 affatim
746 3548 948 3620 suppeditaret,
972 3564 1028 3601 nou
1053 3550 1127 3600 enim
1151 3547 1182 3602 id
1199 3548 1304 3621 ubique

224 3627 268 3695 (ut
293 3640 355 3677 vere
382 3621 472 3674 adhue
498 3620 613 3689 recenti)
636 3619 819 3689 suppetebat,
846 3619 903 3671 dies
921 3616 1026 3671 ibidem
1045 3635 1101 3670 nen
1118 3620 1220 3671 multos
1238 3636 1305 3673 cen·

224 3696 356 3763 sumpsit,
377 3695 407 3745 in
424 3692 524 3761 quibus
541 3691 682 3742 castelium
705 3691 840 3751 tentavit,
865 3689 889 3741 si
909 3704 958 3759 per
975 3687 1145 3742 deditionem
1171 3705 1305 3761 occupare
1363 3682 1366 3697 ¹

223 3772 336 3885 posset:
361 3765 387 3814 vi
413 3763 486 3813 enim
504 3760 629 3829 subigere
645 3769 758 3830 propter
774 3757 920 3813 monachos
939 3760 1042 3813 incolas
1059 3760 1183 3818 nolebat.
1218 3760 1304 3814 vide·

245 3843 274 3887 at
297 3832 380 3895 enim,
406 3835 428 3883 si
453 3834 480 3885 vi
499 3839 658 3900 caperetur,
673 3832 733 3899 iege
754 3832 868 3885 militari
888 3829 1082 3884 monasterium
1100 3847 1211 3901 quoque
1228 3831 1304 3885 diru-

224 3905 336 3958 endum.
371 3902 461 3973 Quam
480 3901 515 3954 ob
535 3916 642 3952 eausam
660 3917 711 3951 nee
727 3898 837 3955 assidue
860 3898 1011 3953 obsidendo
1037 3917 1072 3969 op
1093 3902 1230 3983 upnabat3
1255 3899 1321 3953 sed·

224 3976 383 4044 opinionem
409 3981 513 4024 tanturn
540 3970 709 4040 praebebat,
732 3971 812 4040 quasi
837 3987 866 4023 εο
884 3970 921 4024 ad
937 3986 1060 4023 maresa
1082 3971 1211 4025 oriundos
1229 3984 1304 4023 eom-

222 4054 338 4113 pararet.
381 4044 506 4096 Monaehi
528 4058 612 4105 vero,
636 4042 688 4161 ροὶ
706 4042 781 4093 intus
807 4047 903 4103 erant,
921 4047 949 4091 et
964 4039 1018 4092 alis
1038 4041 1119 4094 turba
1137 4057 1171 4095 ex
1189 4043 1304 4114 agresti-

222 4117 275 4168 bus
293 4115 406 4198 eollccta
417 4151 433 4195 ,ι
444 4130 480 4164 an
497 4120 609 4183 propter
656 4109 819 4164 eiectionem
836 4110 953 4233 trepidi,
975 4110 1061 4181 (prius
1081 4127 1199 4181 nemque
1217 4114 1307 4181 impe·

223 4194 322 4240 ratem
345 4182 513 4256 praesidium
538 4189 567 4234 et
586 4182 754 4252 praefectum
777 4180 844 4254 ipsis
890 4188 965 4235 ntum
994 4179 1093 4238 fraude
1110 4183 1307 4244 circumventos
