2934 4700
212 300 255 358 u
600 238 909 375 ruttuoutrou.
943 383 945 391 y

215 451 364 540 tinctis,
389 451 538 530 litterae
565 472 712 529 nostrae
745 476 986 560 acceperant,
1023 457 1054 534 ia
1078 486 1180 536 unus
1211 488 1301 538 cum

215 575 346 681 paucis
362 602 551 682 superesse
570 575 790 667 videbatur,
807 579 878 681 qui
895 604 975 655 rem
993 578 1174 656 afflictam
1191 585 1300 659 susti·

215 719 348 789 neret,
385 701 427 774 in
449 724 564 801 quem
591 701 706 775 ceteri
732 701 838 775 velut
862 701 904 775 in
928 703 1144 808 exemplum
1167 706 1301 782 severi-

215 823 291 898 oris
314 850 358 897 ac
386 850 539 928 prorsus
572 824 755 928 antiquae
778 823 1005 900 eruditionis
1036 826 1299 921 intuerentur,

216 948 378 1051 inquo,
413 975 669 1052 quaecunque
705 949 781 1024 sive
805 946 854 1024 ad
878 949 1175 1055 amplitudinem
1199 953 1300 1029 litte-

216 1099 367 1162 rarum,
393 1074 468 1148 sive
491 1071 541 1147 ad
566 1071 770 1148 arcendam
789 1072 1017 1178 fortiterque
1040 1076 1299 1182 repellendam

215 1196 522 1301 superstitionem
546 1214 585 1270 et
609 1194 824 1269 barbariem
849 1194 1036 1288 lacerent,
1062 1224 1208 1274 summa
1239 1198 1299 1276 in·

218 1348 293 1399 esse
322 1320 451 1398 omnia
484 1337 680 1394 constaret.
733 1320 767 1395 O
803 1344 908 1425 spem
932 1320 1086 1395 inanem
1111 1322 1300 1424 fragilem·

216 1425 293 1551 que
326 1447 515 1522 humanae
548 1440 825 1546 magnitudinis
855 1441 1133 1520 conditionem!
1183 1447 1301 1521 Hunc
1406 1438 1409 1442 ’

218 1572 332 1646 talem
367 1570 513 1660 virum,
552 1568 591 1641 in
626 1591 705 1667 quo
744 1584 848 1641 tanta
883 1585 973 1642 esset
1008 1567 1152 1669 ingenii
1178 1567 1232 1643 vis
1257 1595 1301 1643 ac

175 1736 182 1747 ·
216 1690 485 1799 pulchritudo,
521 1709 649 1766 tantus
674 1691 715 1763 in
754 1690 948 1779 omnibus,
980 1716 1079 1795 quae
1104 1689 1299 1795 proderet,

217 1844 415 1922 generosae
440 1834 477 1891 et
502 1817 665 1891 excelsae
691 1816 829 1893 mentis
849 1814 972 1917 vigor,
1002 1815 1301 1921 tantaamplitu-

218 1942 268 2018 do
293 1942 505 2030 doctrinae,
533 1940 733 2042 integritas
754 1940 874 2015 animi
899 1959 938 2016 et
961 1938 1121 2029 candor,
1149 1966 1302 2016 morum

221 2062 389 2166 denique
417 2065 601 2152 suavitas,
627 2090 706 2166 qua
731 2063 906 2140 omnium
930 2065 1142 2140 voluntates
1166 2064 1300 2138 allice-

218 2205 280 2263 ret
292 2205 332 2261 et
346 2188 387 2261 in
407 2188 587 2263 maiorem
602 2188 661 2263 oui
679 2187 972 2263 admirationem
990 2208 1157 2292 raperet,
1176 2187 1300 2277 hunc,

217 2310 394 2417 inquam,
418 2308 551 2387 eodem
566 2337 654 2385 mox
670 2310 747 2386 lato
773 2335 992 2416 oppressum
1012 2334 1105 2401 ease,
1129 2329 1185 2400 et,
1211 2338 1302 2389 cum

217 2461 269 2512 ne
291 2462 438 2510 summa
464 2433 623 2534 quidem
642 2449 834 2509 senectute
850 2431 1064 2506 decessurus
1085 2433 1166 2507 sine
1185 2433 1303 2508 bono-

150 2561 158 2568 ’
218 2586 308 2634 rum
333 2557 574 2660 querimonia
600 2556 748 2640 suisset,
785 2580 1004 2659 oppressum
1038 2579 1111 2629 esse
1142 2556 1184 2629 in
1221 2556 1303 2660 ipso

222 2680 391 2782 integrae
424 2680 556 2753 aetatis
586 2703 722 2766 cursu,
762 2678 965 2756 florentem
998 2676 1126 2752 adhuc
1158 2678 1303 2755 viribus

219 2802 344 2907 deque
367 2801 514 2879 litteris.
526 2802 718 2905 praeclare
732 2800 907 2878 merendi
931 2800 1057 2878 studio
1074 2821 1304 2910 occupatum

219 2926 442 3002 felicissimo.
494 2926 727 3029 Quanquam
747 2925 851 3029 'quid
876 2953 943 3029 ego
967 2945 1129 3002 mortem
1161 2951 1305 3030 queror

221 3052 488 3127 immaturam?
513 3052 554 3126 in
571 3077 648 3154 qua
668 3049 863 3154 quidquid
885 3051 1101 3127 acerbitatis
1123 3069 1162 3125 et
1186 3051 1307 3150 iactu·

221 3200 286 3250 rae
302 3177 416 3265 inest,
436 3202 515 3250 non
533 3173 583 3248 ad
599 3174 876 3262 Niebuhrium,
890 3172 954 3249 sed
971 3172 1018 3247 ad
1038 3201 1105 3248 nos
1119 3157 1304 3276 pertinet,

222 3297 432 3400 quibuaxeo
450 3323 529 3372 non
548 3296 715 3401 amplius
732 3296 811 3371 frui
830 3295 927 3370 licet.
978 3296 1049 3370 llle
1072 3298 1186 3383 satis,
1210 3296 1306 3370 dum

222 3421 384 3507 viveret,
409 3420 578 3496 nominis
592 3420 862 3495 existimationi
885 3420 1078 3495 consuluit
1102 3438 1140 3493 et
1163 3420 1307 3495 virtute
1346 3509 1353 3516 ι

223 3544 352 3622 effecit
374 3571 458 3635 sua,
493 3563 642 3621 utnon
666 3543 871 3619 annorum
885 3568 1062 3632 numero,
1090 3570 1159 3618 nec
1184 3543 1306 3648 spatio

224 3670 355 3747 aetatis
378 3669 455 3744 vita
485 3670 565 3745 eius
595 3687 815 3755 censeatur,
842 3667 906 3742 sed
937 3667 1038 3742 sama
1078 3689 1117 3743 et
1153 3668 1307 3743 merito·

225 3813 315 3869 rum
339 3792 454 3874 laude
485 3821 530 3869 ao
554 3813 659 3898 grata
683 3794 826 3899 piaque
854 3793 1056 3881 memoria,
1076 3817 1177 3895 quae
1213 3810 1306 3867 tam·

225 3917 296 3994 diu
321 3918 438 3995 infixa
471 3920 647 3996 haerebit
679 3920 722 3996 in
752 3920 889 3995 animis
919 3917 1142 4006 hominum,
1174 3941 1308 4019 quam·

226 4042 297 4120 diu
318 4043 455 4120 litteris
479 4045 568 4149 ipsis
586 4063 624 4120 et
638 4042 767 4120 honor
783 4062 822 4119 et
844 4069 984 4119 nomeu
1009 4041 1206 4120 constabit.
1256 4044 1307 4114 Ar

227 4168 347 4246 sentio
386 4194 447 4248 me
482 4167 631 4272 impetu
658 4163 827 4274 quodam
859 4164 1014 4262 doloris,
1042 4164 1153 4242 cuitu
1183 4160 1309 4240 estin
