2934 4700
498 270 780 342 msromtnrra
807 276 863 338 nr.
892 277 944 350 νο.
1092 274 1095 280 “
1173 252 1259 366 475

211 480 213 485 .
266 426 319 503 οξ.
359 384 520 502 Βασιλεάς
547 430 583 492 δὲ
608 431 663 493 καί
683 427 738 513 τήν
757 427 896 514 μεγάλην
915 419 979 493 εἷλε
999 430 1137 517 Καράαν
1157 432 1406 520 opud-dmm

184 527 253 613 ριάν
285 552 318 593 τι
347 523 505 616 ὁμολογίᾳ.
562 523 642 592 ἔνθα
674 528 864 612 διατρίβοντι
894 531 950 594 καί
979 532 1217 617 πρωτοκυνηγδς
1238 530 1356 622 o‘v.494

181 621 347 711 Βατάτζης
379 621 604 711 προσεχώρησε
629 625 709 708 μετά
728 629 792 691 ταῖν
813 631 968 711 συγγενῶν
989 621 1089 695 ὄντων
1109 630 1165 695 οὔκ
1187 627 1350 716 ritino»,

178 745 261 808 γων·
302 728 358 790 καί
375 726 410 790 τό
428 748 463 790 τε
486 721 694 809 Πολάβοτον,
724 721 815 792 πάλιν
837 725 997 814 Θρᾳκικην
1015 723 1078 791 ἀπὸ
1099 731 1161 794 ταῖν
1182 753 1259 813 συγ-

80 902 83 906 ,
156 824 279 908 ὅγενοάν
289 827 509 910 κατεχομένην,
530 828 667 911 προσῆγε
680 829 816 908 βασιλεῖ,
837 824 893 890 καί
909 823 1141 911 Τηρίστασιντά
1158 826 1261 914 φρυά-

183 946 263 1009 ριον,
290 918 309 987 δ
329 924 482 1009 πρότερον
514 922 610 999 adedo
631 920 679 988 ι”τι
696 926 854 1006 βασιλέως
872 919 1082 1010 Ἀνδρονάωο
1102 927 1259 1009 περιόντος

176 1024 304 1097 οἰκείοις
334 1016 538 1104 ἀναλώμασιν
566 1024 727 1106 άτείχισεν.
777 1019 897 1109 ἔφασκέ
915 1046 959 1105 τε,
972 1018 1030 1102 ,ὥς
1055 1023 1090 1088 ἐν
1112 1026 1173 1106 μὲν
1189 1032 1260 1103 rote

143 1122 296 1208 ’ἀρχαῖς
328 1124 384 1187 τοῦ
403 1125 541 1204 πολέμου
560 1118 718 1204 μάλιστα,
755 1122 887 1203 νομίσας
908 1120 985 1208 περί
1008 1125 1143 1205 βασιλέα
1159 1125 1259 1206 η’γνω-

173 1223 348 1305 μονηκὲναι
381 1224 438 1287 καί
457 1231 523 1297 τοῖς
545 1220 665 1287 ἐκείνου
685 1224 799 1286 παισίν
820 1220 936 1295 ἀδάτως
955 1219 1171 1304 ἐπιβουλεύειν
1204 1222 1260 1288 καί

131 1325 408 1407 ιοπαραιρεῖσθαι
430 1318 490 1405 τὴν
510 1318 628 1407 άρχὴν,
660 1319 838 1405 ἀποστῆναί
850 1343 884 1386 τε
904 1321 1002 1386 αὐτοῦ
1022 1318 1076 1386 διά
1096 1318 1153 1405 την
1171 1346 1258 1404 νομι-

156 1421 309 1505 ζομένην
333 1415 467 1492 ἀδικίαν
499 1419 554 1485 καί
580 1426 725 1501 πολεμεῖν
754 1415 859 1508 ἆπάση
883 1418 1028 1502 δυνάμει.
1066 1421 1127 1486 τοῦ
1140 1417 1257 1506 χρόνον

155 1518 213 1582 -δὲ
239 1520 422 1603 τριβομένου
450 1516 505 1583 καί
529 1522 592 1584 τάν
610 1518 783 1600 Ῥωμαίων
813 1518 1037 1602 ἀπολλυμένων
1057 1519 1178 1598 ἀκλεοῦς
1196 1519 1258 1586 dud

155 1621 232 1682 -τοά
251 1617 388 1698 πολέμου
395 1667 406 1700 ,
437 1613 521 1703 δρῶν
540 1616 583 1695 οὖς
601 1623 733 1701 βασιλεϊ
747 1620 814 1701 μὲν
826 1612 867 1683 τά
904 1642 941 1683 τε
963 1615 1138 1701 Ῥωμαίοις
1166 1621 1258 1709 κοινῇ

168 1719 357 1783 somatum
383 1721 439 1783 καί
468 1725 532 1793 τοῖς
549 1722 705 1800 βασιλέως
723 1713 939 1797 σπουδάζεται
958 1718 1068 1801 παισί,
1102 1730 1285 1806 nuperos-B

125 1820 306 1904 ιὸμωμίνρι
333 1817 369 1882 δὲ
393 1816 450 1881 καί
473 1818 539 1893 τοῖς
567 1810 674 1892 ἀλλοις
701 1824 767 1893 τοῖς
788 1809 902 1902 ἀγουσι
919 1819 982 1883 τῶν
1001 1816 1173 1900 Ῥωμαίων
1198 1817 1256 1905 την

165 1915 358 2001 ἧγεμονίον,
391 1915 486 1981 οὐδέν
510 1917 579 1981 ἐστι
606 1907 786 2000 προῦργου,
818 1911 841 2000 ἢ
860 1913 980 1994 πάντας
1001 1918 1255 2005 διαφθειροντος

164 2016 308 2092 ἐκείνους
340 2009 467 2102 ἀρχειν,
502 2019 658 2098 βασιλέως
686 2017 723 2079 δὲ
751 2016 811 2079 eod
841 2014 956 2091 παιδὸς
983 2013 1073 2099 ὄλίγα
1108 2011 1130 2099 ἢ
1160 2016 1254 2084 οάδδν

164 2116 411 2203 φροντίζοντας,
434 2118 490 2180 καί
507 2119 564 2200 τῆς
582 2116 645 2179 τῶν
665 2106 768 2179 ἀλλων
797 2116 971 2198 σωτηρίας,
1006 2113 1143 2180 συνιδών
1164 2138 1198 2179 τε
1218 2114 1254 2178 ἐκ

162 2219 229 2281 τῶν
250 2218 421 2299 γινομένων
445 2213 489 2290 ὥς
522 2217 633 2279 ἐκεῖνοι
656 2213 796 2279 ἀδικοῖεν
817 2211 873 2279 καί
891 2212 1108 2299 διοφθειροιεν
1131 2209 1253 2299 φαυλά·

118 2341 240 2402 norme
266 2311 391 2401 τρόπων
418 2311 476 2399 την
505 2313 609 2399 ἀρχὴν
638 2312 831 2396 Ῥωμαίων,
861 2314 1038 2398 ἀποστῆναί
1062 2335 1096 2379 τε
1126 2314 1254 2378 ἐκείνων

160 2414 222 2481 καί
241 2418 471 2500 προσχωρῆσαι
491 2418 642 2497 βασιλεῖ,
672 2415 776 2478 καίτοι
794 2438 830 2498 γε
849 2412 988 2498 μεγάλας
1003 2411 1153 2500 ἀφορμάς
1167 2410 1251 2496 ἔχων

156 2520 216 2601 τῆς
241 2513 321 2594 πρὸς
343 2510 463 2591 αάτσδς
486 2513 622 2590 εάνοίας.
659 2519 705 2603 τῷ
724 2538 758 2580 τε
777 2511 839 2598 γάρ
861 2514 922 2601 υἱῷ
940 2512 1092 2603 συνῴκισε
1111 2510 1170 2598 την
1187 2536 1251 2576 πα-

156 2615 321 2701 τριάρχου
349 2618 529 2700 θυγατέρα,
559 2615 615 2681 καὶ
639 2614 695 2700 τὴν
716 2609 818 2681 αάτοῦ
836 2617 879 2704 τῷ
898 2611 1034 2697 μεγάλου
1059 2609 1173 2688 deusde
1189 2609 1251 2699 υἱῷ

158 2717 297 2796 ἐξέδωκε
310 2714 397 2799 ’πρὸς
418 2711 529 2799 γάμον.
564 2713 645 2781 α’λλά
667 2718 723 2782 καί
739 2705 842 2792 οὕτως
859 2712 941 2798 ἔχων
961 2710 1142 2798 συγγενείας
1167 2711 1277 2796 πράςῦ

234 2940 279 3010 76.
314 2940 464 3007 Imperator
487 2939 631 2992 castellum
648 2938 803 3011 quoddam,
824 2953 948 3011 magnam
970 2938 1094 3005 Carpum,
1105 2935 1247 2989 deditione

158 3010 291 3082 acquirit.
327 3010 387 3060 iilic
403 3013 523 3063 versanti
544 3019 573 3062 et
598 3018 757 3063 venatorum
782 3009 876 3079 prinee
897 3012 1049 3062 sBatatses
1067 3023 1128 3060 cum
1148 3021 1247 3073 cogns-

154 3084 194 3135 tis
212 3098 272 3134 non
292 3081 386 3149 paucis
403 3098 432 3134 se
450 3082 585 3151 permisit,
603 3088 631 3134 et
648 3081 819 3149 Polybotum‚
841 3028 937 3132 urdem
963 3077 1107 3133 Thraciam
1123 3095 1137 3129 a
1151 3091 1246 3128 neees-

154 3153 235 3205 sariis
256 3153 314 3203 suis
333 3160 498 3234 occupatam,
516 3152 546 3205 in
565 3150 687 3204 ciusdem
706 3149 786 3201 fldem
805 3150 929 3228 adduxit,
946 3157 974 3202 ct
991 3150 1142 3203 Teristaain
1162 3147 1246 3216 oppi-

156 3223 277 3285 duimn,
302 3222 377 3292 quod
400 3238 408 3271 ι
430 3239 459 3274 se
485 3226 560 3293 prius
586 3223 750 3291 imperator,
775 3221 838 3273 viro
864 3221 1031 3283 Andronico,
1058 3237 1106 3272 suo
1133 3224 1245 3287 sumptu

155 3295 244 3345 muris
264 3239 488 3346 circumdederat.
526 3292 718 3354 tticsrrrtzes
736 3290 891 3355 fatebatur,
909 3308 938 3344 se
956 3292 986 3343 in
1006 3290 1157 3360 primordio
1176 3286 1243 3339 belii

155 3359 252 3426 huius,
277 3380 337 3415 enm
362 3373 480 3432 putaret,
505 3378 567 3415 eum
583 3364 613 3416 in
632 3365 823 3431 imperatorem
845 3363 1019 3417 demortuum
1038 3379 1095 3415 asse
1117 3358 1245 3429 ingratis·

157 3432 259 3483 simum
285 3439 314 3483 et
336 3435 395 3485 eius
423 3436 488 3487 filiis
506 3436 636 3487 scelerate
654 3432 780 3486 insidiari
799 3434 888 3506 iisque
907 3433 1052 3502 imperium
1071 3428 1193 3501 eripere,
1214 3443 1244 3479 se

155 3500 194 3552 ab
214 3516 248 3553 eo
267 3501 398 3555 defecisse
424 3497 453 3559 et
470 3514 564 3559 contra
591 3513 724 3577 quantum
750 3504 882 3556 voluisset
900 3503 1069 3573 pugnavisse.
1105 3503 1242 3568 'tempore

154 3576 253 3623 antem
276 3572 386 3625 labente
414 3585 443 3628 et
469 3578 597 3628 Romanis
628 3576 705 3629 nulia
729 3590 789 3626 cum
819 3573 903 3628 laude
924 3573 1000 3626 bello
1027 3570 1242 3633 intereuntibus,

153 3656 221 3695 cnm
246 3639 416 3706 observaret,
438 3646 490 3714 ipsi
510 3663 667 3700 communes
686 3648 866 3698 Romanorum
888 3653 916 3697 et
943 3643 1093 3695 liberorum
1122 3645 1242 3710 impera-

152 3713 227 3764 toris
252 3712 372 3764 rationes
399 3714 475 3769 cordi
499 3731 532 3768 ae
559 3716 651 3770 studio
680 3731 756 3779 esse,
786 3717 926 3784 praesecto
953 3722 1045 3766 autem
1070 3711 1190 3765 cubiculi
1214 3718 1243 3763 et

152 3781 235 3844 aliis,
259 3782 291 3833 in
315 3800 431 3852 quorum
455 3803 537 3838 manu
559 3796 632 3839 esset
655 3788 818 3854 imperium,
844 3784 916 3838 nihil
945 3800 1003 3837 esse
1027 3790 1083 3834 tam
1108 3788 1241 3852 optatum,

153 3865 239 3922 quam
263 3858 296 3902 ut
323 3855 418 3906 occisis
442 3858 569 3910 omnibus
593 3857 648 3926 ipsi
665 3863 826 3924 regnarent,
844 3855 1017 3924 imperatoris
1034 3869 1099 3906 vero
1118 3852 1196 3923 pueri
1214 3857 1243 3901 et

158 3930 313 3975 ceterorum
333 3924 448 3976 salutem
468 3945 513 3980 eos
528 3929 603 3997 parvi
621 3935 670 3978 aut
686 3926 768 3978 nihili
786 3925 923 3994 pendero:
941 3942 1001 3976 cum
1026 3926 1090 3975 item
1111 3940 1144 3975 ex
1162 3920 1241 3971 sactis

152 3997 281 4057 notaret,
306 4011 365 4048 esse
391 3995 515 4051 homines
533 3999 671 4066 improbos
690 4006 718 4049 et
734 3997 885 4049 vitiosituts
911 4012 958 4047 sua
978 3996 1124 4065 imperium
1141 3991 1240 4042 Roma·

151 4076 220 4110 num
244 4064 374 4130 perdere,
401 4066 436 4118 ub
464 4068 521 4119 iilis
545 4070 580 4121 ad
607 4071 696 4140 ipsum
719 4067 876 4129 transiisse,
901 4067 1024 4138 quamvis
1051 4079 1146 4115 cauom
1171 4060 1238 4128 ipsis

153 4127 284 4186 studendi
311 4153 366 4189 non
395 4137 469 4191 leves
494 4137 616 4191 haberet
662 4137 730 4190 Nam
758 4143 787 4189 et
809 4135 867 4188 (iiio
892 4152 940 4189 suo
959 4133 1129 4205 patriarchae
1154 4129 1240 4181 filiam

152 4197 337 4269 detonuerat
361 4213 389 4262 et
420 4223 497 4264 suam
522 4212 613 4280 magni
640 4208 715 4263 ducis
741 4208 799 4262 filio
817 4207 1003 4262 coniunxerat
1042 4203 1096 4257 Sed
1114 4201 1238 4274 quamvis
