2934 4700
469 282 754 353 nrsromsnuu
782 280 840 361 ru.
866 280 921 354 os.
1128 247 1213 353 413

138 467 194 513 rso
208 441 394 525 κατηγορίαν
405 434 597 520 βουλόμενος
610 432 794 499 ἐνίστασθαι
811 430 955 514 ,δοκεῖτί
967 430 1046 510 μοι”
1059 426 1122 519 ἔφη
1140 449 1282 516 ,ποιμα
1297 453 1361 524 ,ηηη

139 547 243 625 λίμιοι
256 536 354 621 μόνον
367 529 449 601 εἶναι
462 536 594 615 πολλῶν,
607 536 696 620 φίλοι
711 532 748 595 δὲ
760 525 898 608 οάδενός.
920 530 951 595 εί
968 526 1031 614 γόρ
1059 528 1105 616 μη
1125 536 1217 599 τοῦτο

139 634 190 727 ἦν,
204 638 262 703 misr
275 630 315 703 ἀν
327 632 425 712 οὕτως
437 630 494 721 ἤτε
508 629 639 719 πόριμοι
652 628 798 715 μηχανὰς
810 632 869 710 μὲν
881 631 936 694 καί
950 626 1119 712 ἒπιβονλάς
1131 633 1218 710 ἔξεο·
1261 710 1267 721 4

142 742 260 821 ρίσκειν
278 735 359 803 κατὰ
383 737 444 802 τῶν
464 736 634 816 πολεμίων,
654 732 694 819 τῇ
708 753 744 794 τε
763 725 883 817 γλῶττη
899 728 1058 813 χρώμενοι
1079 730 1221 820 ἀφειδῶς
1297 732 1301 739 ’

120 837 222 925 ὅπρός
240 834 369 923 ὕβρεις,
389 830 495 921 ῶσπερ
518 829 572 899 διὰ
589 833 680 896 τοῦτο
694 826 813 915 ταύτην
832 826 1021 913 κεκτημένοι,
1041 828 1098 894 καί
1114 835 1220 898 πᾶσαν

144 934 242 1024 ἀλλην
262 933 513 1017 ἐπιδεικνύμενοι
534 929 703 1016 πονηριάν,
734 930 796 993 τῶν
816 929 852 995 δὲ
873 930 977 1014 φιλοις
995 926 1245 1013 προσηκόντωνο

143 1039 344 1120 ἐπιστάμενοι
356 1036 458 1106 ον’δίν.
479 1026 555 1098 ὅθεν
569 1026 629 1097 ἀπό
642 1031 700 1115 τῆς
716 1022 796 1113 ἄγαν
808 1029 883 1113 περί
895 1028 997 1092 ταῦτα
1012 1026 1158 1115 ἀπειρίας
1170 1029 1225 1096 καὶ

143 1143 202 1204 τοῦ
222 1139 302 1219 ἐμοῦ
322 1131 478 1200 δεσπότεα
499 1125 723 1216 κατηγορηκατε
744 1129 894 1209 ἀδοξιάν,
924 1121 973 1190 ότι
990 1122 1070 1212 πρός
1089 1126 1146 1215 τὴν
1164 1132 1225 1211 βα-

145 1238 259 1312 σιλέως
271 1232 386 1320 σκηνην
399 1229 521 1314 tresis,
542 1227 604 1295 ἀπό
624 1230 688 1295 τῶν
706 1225 973 1310 ἐπιβουλευόντων
985 1227 1107 1294 πολλῶν
1129 1222 1225 1296 όντων

106 1337 317 1421 ιοάγραπνῶν
338 1328 532 1420 δφάλαττεν,
561 1326 626 1394 ἀπό
647 1330 703 1412 τῆς
722 1324 797 1412 περί
812 1329 945 1408 βασιλέα
965 1323 1141 1409 ἡττώμενος
1170 1329 1225 1393 so’-

144 1437 233 1512 νοίας
254 1433 310 1498 καί
329 1429 428 1498 πόθει
452 1427 538 1520 μόνην
562 1432 626 1494 τῶν
652 1423 780 1492 πόντων
805 1427 920 1491 ποδῶν
948 1421 1065 1514 ἡδίστῳ
1094 1451 1126 1492 τε
1156 1420 1225 1510 tipo

146 1538 203 1600 καί
221 1534 346 1621 ζηλωτῷ
373 1529 615 1611 δεδουλωμένος.
658 1519 809 1611 ἐρωτήσω
839 1526 875 1589 δὲ
904 1522 1007 1607 ὑμεῖς,
1033 1524 1080 1601 τίς
1103 1527 1227 1608 βέλτιον

146 1637 224 1718 περί
233 1656 267 1697 τε
283 1628 317 1696 τό
330 1631 485 1715 προσῆκον
496 1628 552 1692 καί
570 1622 606 1690 τό
630 1629 752 1691 δίκαιον
762 1627 817 1689 καί
834 1621 915 1707 πρός
933 1627 1112 1711 φιλοτιμίαν
1133 1626 1227 1709 ίβον-

147 1727 299 1809 saducto,
319 1722 518 1813 σατράπηςδ
542 1723 617 1806 ε’μὸς
638 1719 805 1809 δεσπότης,
825 1720 862 1798 ἀς
881 1726 937 1807 τῆς
953 1723 998 1800 είς
1017 1720 1150 1807 βασιλέα
1162 1726 1229 1791 ἓνε-

108 1841 189 1905 ι5κα
210 1830 319 1917 φιλίας
337 1830 483 1893 τοσοῦτον
507 1826 605 1891 είλετο
625 1819 720 1905 πόνον
740 1820 796 1888 καί
815 1822 964 1906 ἀδοξίαν,
985 1822 1028 1901 ῶς
1049 1825 1139 1907 δμεῑς
1162 1849 1229 1912 φα·

143 1952 199 2012 τε,
224 1922 245 2012 ἢ
265 1927 375 2009 δμεϊςς
398 1927 431 1991 οἳ
447 1927 571 1990 πολλῶν
591 1926 647 1987 καί
658 1919 804 2008 μεγάλων
819 1923 1061 2000 ἀπολελαυκότες
1073 1930 1229 2009 βασιλέως

145 2025 419 2113 εὐεργετημάτων,
440 2021 548 2089 ἔπειτα
566 2023 693 2087 πάντων
705 2016 811 2106 ῶσπερ
833 2023 1064 2107 ἐπιλελησμένοι
1085 2024 1140 2089 καί
1152 2031 1259 2101 noi-1)

145 2126 204 2214 λὴν
235 2123 465 2205 ἐπιδειξάμενοι
493 2123 723 2208 ἀγνωμοσύνην
750 2123 806 2186 καί
829 2115 1036 2206 ἀχαριστίαν,
1064 2125 1228 2206 διαβολαῖς

143 2225 340 2313 χρησόμενοι
371 2224 427 2290 καί
451 2222 694 2308 σνκοφαντιλτις,
721 2217 779 2286 τόν
808 2216 945 2302 πόλεμον
972 2219 1153 2308 κεκινήκατε
1171 2223 1227 2290 τόν

104 2330 244 2410 αομὲχρι
265 2346 299 2389 τε
328 2324 385 2388 νῦν
404 2322 526 2387 πολλῶν
555 2322 659 2386 κακῶν
679 2315 782 2387 αίτιον
810 2314 975 2403 γενόμενον
1000 2320 1075 2403 ὑμῖν
1102 2325 1157 2389 καί
1178 2320 1228 2389 ἔτι

145 2422 316 2511 μειζόνων,
340 2421 384 2501 ῶς
406 2420 488 2508 δρῶ,
513 2417 679 2503 ἐσόμενον·
706 2418 764 2485 καί
781 2414 852 2483 πόδ’
870 2417 946 2485 αάτό
968 2423 1059 2487 τοῦτο
1078 2425 1155 2507 γοῶν
1176 2424 1228 2490 ori-

147 2522 358 2607 σδανόμενοι,
379 2519 485 2609 ῶσπερ
508 2516 539 2586 οἱ
552 2518 756 2602 μαινόμενοι,
778 2513 829 2584 δτι
849 2517 907 2596 τοὶς
926 2521 1010 2597 ἰδίας
1030 2519 1151 2606 σάρκας
1169 2548 1228 2589 κα·
1298 2563 1300 2570 2

146 2624 296 2691 τεσθιετε.
323 2614 346 2708 η*
365 2621 476 2707 δῆλον,
510 2615 555 2696 ῶς
576 2620 692 2696 ἐκεῖνος
708 2619 770 2703 μὲν
788 2619 933 2705 γενναίαν
953 2617 1011 2687 καί
1027 2618 1229 2710 μεγαλόφροι

150 2825 235 2880 etiarn
259 2820 398 2894 stipendia
423 2822 481 2876 suis
511 2820 617 2875 tamdiu
644 2820 780 2875 militibus
801 2821 927 2885 solvere,
944 2830 1078 2896 qnantum
1094 2823 1229 2879 debeatur

148 2895 304 2965 largituros.
344 2891 420 2947 liaeo
454 2909 481 2944 nr
515 2909 566 2944 nus
594 2891 651 2944 dux
680 2894 770 2963 legato
797 2891 947 2962 respondit,
987 2894 1228 2949 verumenimvero

148 2965 283 3018 barbarus
300 2962 403 3016 domini
422 2978 499 3032 repre
521 2962 660 3015 ensiouem
677 2980 733 3015 non
752 2961 1012 3026 terem,vtde1ntni
1030 2964 1107 3028 mibi,
1124 2966 1228 3036 inquit,

150 3043 259 3088 tanturn
278 3033 369 3087 odisse
387 3035 502 3097 multos,
520 3032 634 3104 diligere
651 3034 800 3085 neminem.
837 3032 920 3103 Quod
939 3034 963 3085 si
980 3049 1056 3086 secus
1073 3044 1153 3097 esset,
1171 3053 1229 3087 nou

151 3106 191 3158 ita
212 3104 247 3158 ad
269 3103 405 3157 machinas
430 3112 460 3157 et
477 3102 591 3155 iusidias
610 3110 704 3154 contra
721 3103 812 3156 hostes
831 3104 1021 3173 excogitandas
1041 3103 1163 3174 expediti
1184 3120 1229 3156 cs-

152 3176 233 3240 setis,
256 3174 351 3245 lingua
379 3175 447 3243 largi
465 3172 501 3225 ad
516 3174 713 3237 contumelias,
736 3175 791 3226 acsi
815 3172 879 3226 ideo
908 3189 968 3226 eam
985 3174 1175 3245 possideretis,
1200 3181 1230 3229 et

153 3262 234 3299 omne
251 3261 335 3315 genus
353 3244 539 3316 nequitiarum
556 3252 727 3306 exercentes,
756 3245 904 3296 amicorum
921 3252 1013 3296 autern
1030 3245 1118 3299 officia
1134 3244 1230 3297 sundi-

153 3322 197 3368 tus
224 3317 383 3370 nescientes.
427 3315 494 3368 Prae
518 3315 615 3366 borum
640 3330 737 3384 magna
757 3309 894 3385 imperitia
920 3314 1059 3369 dominum
1079 3331 1170 3369 meum
1188 3315 1229 3368 rei

154 3384 294 3438 cuiusdam
319 3385 425 3440 servilis
447 3393 475 3438 ct
497 3383 630 3455 ingloriae
656 3388 816 3449 accusastis,
839 3383 914 3457 quod
937 3385 1143 3456 imperatorem,
1164 3396 1229 3440 ante

155 3457 216 3507 cius
240 3454 446 3508 tabernaculum
473 3455 628 3517 excubans,
655 3453 689 3507 ab
718 3455 940 3520 insidiatoribus,
966 3458 1014 3527 qui
1038 3459 1119 3513 multi
1142 3469 1230 3522 eraut,

153 3524 332 3590 custodierit,
356 3527 444 3580 victus
470 3527 576 3579 scilicet
600 3541 692 3579 amore
710 3526 786 3579 illius
818 3535 846 3580 et
870 3527 1014 3579 affectione
1032 3529 1089 3582 sola
1108 3528 1230 3581 omniurn

154 3596 329 3649 affectionum
353 3596 550 3649 iucundissima
578 3602 606 3649 el
631 3594 666 3648 ab
684 3597 811 3649 omnibus
838 3597 989 3667 expetenda
1012 3599 1149 3668 subactus.
1184 3600 1230 3649 In-

153 3664 300 3737 terrogabo
324 3675 415 3720 autem
441 3683 504 3731 vos,
522 3675 583 3719 utor
599 3668 697 3719 melius
715 3668 750 3720 de
769 3666 867 3720 decoro
886 3667 965 3723 etde
983 3668 1055 3722 iusto
1083 3677 1111 3722 et
1129 3663 1229 3724 ‘bonoss

155 3736 232 3790 nilico
257 3737 359 3800 sensit,
384 3746 490 3806 satrapa
515 3736 642 3789 dominus
660 3754 750 3803 meus,
776 3739 824 3807 qui
851 3754 885 3789 ex
901 3739 1021 3791 amicitia
1044 3746 1151 3792 tantum
1181 3756 1232 3810 pro

156 3807 321 3877 imperatore
344 3805 466 3859 laborem
489 3814 518 3860 ct
540 3805 658 3861 dedecus
684 3809 842 3876 capessivit,
869 3817 901 3862 ut
920 3808 1028 3871 dicitis,
1049 3824 1085 3861 au
1102 3825 1165 3873 vos,
1183 3809 1231 3880 qul

156 3877 343 3947 compluribus
362 3885 391 3929 et
410 3876 607 3930 excellentibus
626 3876 767 3929 beneficiis
784 3879 820 3929 ab
838 3895 870 3930 eo
886 3879 984 3936 affecti.
995 3879 1094 3932 deiude
1110 3881 1233 3932 omnium

156 3948 233 3999 velut
257 3947 355 4009 obliti,
382 3964 432 4017 per
460 3947 661 4016 improbitatem
681 3956 710 3999 et
733 3948 830 4018 ingrati
854 3949 939 4000 animi
964 3950 1078 4014 vitium,
1103 3951 1186 4001 immo
1205 3957 1235 4000 et

156 4031 207 4088 per
224 4018 372 4069 calumnias
390 4024 419 4069 ct
436 4017 627 4086 sycophantias
644 4017 750 4086 bellum
773 4020 926 4082 excitastis,
954 4019 1029 4090 quod
1047 4037 1133 4090 usque
1150 4017 1235 4069 bodie

156 4093 202 4137 tot
227 4088 302 4141 malis
328 4106 375 4141 vos
399 4087 560 4151 cumulavit,
586 4094 615 4140 ct
636 4098 768 4159 quantum
787 4105 917 4157 auguror,
935 4089 1060 4158 pluribus
1077 4088 1236 4143 cumulabit.

157 4153 215 4207 Nec
232 4154 284 4208 boo
302 4158 398 4213 saltem
416 4157 652 4220 animadvertitis,
670 4166 700 4210 ut
716 4157 808 4211 insani
823 4157 966 4222 videlieet,
1007 4159 1124 4213 uomodo
1143 4171 1237 4210 carues

157 4231 261 4281 ratam
285 4227 338 4299 ipsi
364 4226 509 4282 devoretis.
558 4227 602 4282 dn
629 4227 732 4282 clarum
757 4235 817 4295 est,
845 4232 935 4301 ipsum
951 4230 1063 4303 quidem
1089 4232 1238 4302 ingenuum
