2934 4700
457 305 740 374 maronianum
767 311 826 376 m.
845 318 898 384 ος.
1153 286 1230 389 τ43

154 464 275 528 aarum
294 457 475 544 ἐπιααερόν,
496 460 540 536 ἀς
561 465 602 527 δι’
622 465 739 549 ἐκείνης
761 464 965 548 δυνησόμενος
985 467 1164 552 ἀνατρέψαι
1178 469 1379 550 salmurus

153 561 291 643 συγχέαι
316 555 394 632 τοδς
423 557 496 643 περί
522 559 647 646 εἰρήνης
666 563 788 647 λόγους.
827 566 884 629 ταί
904 561 1043 640 ἀναστάς
1062 562 1239 639 addicturi

155 658 324 743 συνεδρίου
340 659 397 721 καί
407 659 445 745 τῇ
455 662 543 745 χειρί
554 660 744 737 κατασείσας
755 661 888 746 σιωπήν,
910 666 985 745 πρίν
997 688 1029 728 ει
1038 671 1199 749 προειπεῖν
1213 657 1237 747 ἢ

151 757 210 843 την
226 759 341 838 αἰτίαν,
356 759 390 833 ἐξ
408 749 502 841 ἧςείς
514 763 642 824 τοιαῦτα
655 758 791 846 ὥρμητο,
805 767 1008 846 προσθεῖναι,
1028 761 1143 838 πολλὰς
1156 761 1237 828 κατά
1248 770 1277 829 Ρ.
1287 768 1338 838 4υ3

130 852 290 941 ὄμεγάλαο
305 855 489 938 δομεστάωο
502 853 610 941 ἀβρεις
625 855 752 947 διεξῄει,
767 864 915 942 πολέμιον
929 858 1032 927 κοινὸν
1044 864 1099 926 καί
1109 854 1238 927 ἄπιστον

152 960 346 1039 βασιλεῦσιν,
361 953 506 1041 ε’πίορκόν
518 980 552 1020 τε
561 958 616 1021 καί
626 956 822 1040 ψευδόμενον
833 956 877 1035 ἀς
889 958 929 1023 ool
943 959 1041 1024 πολλά
1050 965 1165 1038 καλῶν,
1183 960 1240 1026 καί

151 1062 333 1120 τελευταῖον
346 1056 393 1129 εἰς
407 1051 544 1138 αἰσχρὰς
565 1057 622 1119 καί
635 1057 861 1143 ἀνελευθέρους
882 1062 1047 1143 κατέληγεν
1066 1058 1239 1142 ἐπιτιμίας.

152 1151 235 1235 ἔχων
249 1155 286 1218 δὲ
300 1155 374 1237 περί
389 1147 488 1218 αι’τόν
504 1151 638 1229 πολλοὺς
651 1154 767 1236 ὁμοίως
784 1179 819 1220 τε
831 1154 987 1243 ὑβρισταῖς
1009 1161 1068 1224 καί
1078 1157 1159 1244 πρὸς
1172 1163 1239 1224 τιάν

154 1252 320 1327 ἀναιδείας
337 1261 455 1335 χωρεῖν
470 1246 601 1333 ἑτοίμως
616 1257 942 1339 παρεσκευασμένους,
959 1258 1099 1324 ἐκέλευεν
1111 1260 1239 1344 ἐρεσχε-

115 1358 223 1426 rolris
233 1349 308 1427 τούς
318 1352 471 1436 πρέσβεις.
493 1351 549 1417 καί
557 1356 616 1417 τοῦ
626 1357 773 1434 μοναχοά
782 1356 842 1436 μὲν
856 1351 1026 1438 ἁπτόμενοι
1038 1360 1183 1443 θρασέως
1195 1355 1239 1438 „d

158 1453 216 1516 rosi
236 1454 501 1534 Καντακουζηναῦ
525 1451 742 1537 scorpium?
762 1450 902 1535 ἀντεβόων
925 1455 1086 1537 „veitvod”
1112 1479 1241 1542 xpiane-

159 1552 314 1634 μπαάιτην
324 1552 380 1614 καί
389 1548 562 1634 ὑποκριτήν
570 1550 626 1615 καί
632 1555 766 1616 τοιαῦτα
777 1544 853 1618 ἅττα
865 1551 1025 1637 δεινότερα
1034 1555 1240 1639 προσαγορεύ-

162 1671 253 1724 οντες.
262 1645 502 1735 Σγουρόπουλόν
512 1674 550 1714 τε
561 1650 678 1732 ὁμοίως
690 1648 790 1716 πολλοὶ
805 1657 1064 1739 περιυβρίσαντες
1074 1651 1131 1718 καί
1139 1655 1242 1718 λοιδο-

157 1749 342 1834 ρησάμενοι,
362 1742 429 1814 εἶτα
451 1747 663 1835 ἀμφοτέρους,
681 1750 728 1825 εἰς
749 1747 788 1834 ἢν
808 1749 974 1834 ἐξενιζαντα
989 1754 1100 1833 οἰκίαν,
1123 1746 1242 1840 ἀφραίν-

118 1865 233 1935 ρςρουν
257 1847 437 1934 ἀπροίτσυς.
477 1847 603 1933 βασιλίς
620 1851 675 1929 δὲ,
707 1848 770 1915 εἴτε
798 1854 853 1916 καί
870 1846 951 1937 αὕτη
971 1849 1048 1937 πρὸς
1067 1847 1106 1917 τά
1127 1862 1274 1937 πετριε-Β

154 1951 256 2031 γμὲνα
275 1950 376 2032 μηδὲν
395 1941 636 2031 ἀγανακτοῦσα,
658 1946 720 2014 εἴτε
738 1940 800 2034 ἤδη
821 1947 875 2014 καί
895 1950 1094 2016 ἀναστέλλειν
1108 1948 1166 2026 τάς
1178 1954 1241 2016 τοῖν

154 2044 394 2126 στασιαζόντων
422 2044 523 2131 ὁρμὰς
550 2041 588 2112 οὗ
611 2050 792 2133 δυναμένη,
820 2039 929 2134 ἤνεγκε
948 2051 1032 2135 σιγῇ.
1072 2049 1103 2115 οἱ
1123 2053 1159 2115 dd
1179 2053 1242 2114 τάν

156 2142 351 2229 πραγμάτων
370 2137 519 2230 ἄρχοντες
538 2149 580 2234 τῇ
597 2145 736 2231 μεγάλαυ
750 2150 934 2230 δομεστάιου
961 2147 1061 2234 μητρί
1085 2148 1163 2213 κατὰ
1183 2145 1242 2233 την

157 2246 262 2312 οίκίαν
282 2248 433 2334 διαγοάση
454 2241 522 2329 ἅμα
544 2249 587 2336 τῷ
608 2244 722 2335 ε’γγόνην
742 2246 929 2334 Ἀνδρονίκῳ
950 2243 1078 2311 πλείονά
1089 2270 1124 2310 τε
1138 2270 1242 2333 φρου-

117 2342 218 2430 ,opus
239 2344 388 2432 ε’φίστουν
408 2342 464 2409 καί
483 2346 715 2432 ἀσφαλέστερον
733 2344 877 2431 ἐτήρουν.
921 2349 993 2413 ἐπεί
1013 2349 1048 2413 δὲ
1070 2344 1087 2409 δ
1110 2343 1242 2429 πόλεμος

159 2450 195 2511 ἐν
218 2448 385 2534 Βυζαντίῳ
407 2438 466 2531 ἤδη
487 2452 641 2533 λαμπροῖς
661 2445 802 2533 ἀνήφθη,
824 2444 925 2514 ἐδόκει
946 2448 1012 2513 δεῖν
1032 2444 1088 2511 καί
1107 2445 1165 2525 τάς
1186 2440 1243 2513 dl.-

157 2552 218 2622 λας
244 2542 353 2620 πόλεις
381 2545 437 2609 καί
462 2544 591 2627 μείζους
612 2552 668 2613 καί
686 2544 839 2625 ἐλάσσους
858 2549 1155 2636 προσεταιριζεσθαι
1174 2568 1243 2613 πει-

235 2716 274 2751 τι.
287 2697 513 2768 χριστεπίμττην
529 2697 567 2750 bl.
585 2714 635 2767 mg.
689 2715 731 2752 ar.
752 2686 885 2771 λαμπρὸς
904 2698 931 2749 P.

161 2832 267 2904 quibus
284 2832 318 2886 de
335 2847 402 2901 paee
419 2845 556 2886 sermones
574 2829 743 2883 confundere
761 2841 845 2904 atque
865 2838 987 2888 evertere
1012 2841 1117 2904 posset,
1142 2848 1243 2904 oppor-

160 2913 232 2956 tune
258 2919 370 2956 usurum
389 2917 418 2953 se
446 2899 620 2954 existimarit
664 2900 699 2953 lit
715 2901 791 2955 illico
810 2904 840 2954 iu
862 2919 988 2955 consessu
1013 2920 1123 2973 surgenr
1145 2920 1242 2957 manu·

162 2990 220 3045 qne
238 2973 379 3027 silentium
397 2972 538 3033 indicens,
555 2972 714 3041 priusquam
731 2974 901 3042 praeliaretur
918 2982 967 3027 aut
991 2990 1099 3026 carrum
1123 2974 1243 3027 adduce·

160 3053 220 3108 ret,
247 3045 285 3097 ob
310 3060 391 3115 quam
415 3043 470 3096 hnc
493 3042 626 3104 ferretur,
649 3042 735 3094 multa
761 3043 887 3095 adversus
914 3059 1040 3112 magnum
1065 3043 1244 3099 domesticum

160 3114 308 3168 maledicta
332 3114 512 3183 congerebat,
540 3129 708 3164 communem
732 3111 858 3175 hostem,
881 3112 1090 3183 imperatoribus
1115 3114 1242 3179 infidum,

160 3186 321 3255 periurum,
340 3183 575 3252 mendaciloquum
595 3184 739 3235 nominans
756 3183 865 3234 tandem
887 3201 921 3236 oo
938 3186 968 3236 in
986 3183 1067 3236 foeda
1093 3191 1121 3234 et
1147 3183 1245 3237 illibe-

162 3257 233 3309 ralia
252 3255 373 3308 convicia
393 3255 528 3306 desinens.
563 3254 598 3303 Et
614 3253 678 3322 quia
697 3254 808 3306 comites
834 3202 969 3318 habebnt,
997 3251 1053 3306 ribi
1075 3254 1243 3308 maledicen-

162 3328 201 3378 tia
217 3327 322 3379 similes
338 3334 365 3378 et
384 3324 419 3376 ad
436 3341 545 3376 omnem
562 3323 781 3376 inverecundiam
800 3325 955 3392 proiectos,
973 3325 1118 3394 imperavit
1133 3325 1190 3378 illis
1211 3328 1244 3380 in

161 3397 268 3466 legatos
287 3403 415 3467 torquere
433 3402 586 3447 scommata.
622 3394 661 3446 Ac
683 3395 845 3447 monachum
869 3395 981 3465 quidem
1004 3394 1178 3463 impudenter
1201 3396 1243 3448 la·

163 3475 305 3531 carentes,
323 3465 524 3518 acclamabant:
542 3463 588 3517 bic
605 3473 647 3516 est
665 3464 846 3518 Cantacuzeni
865 3464 1030 3534 patriarcha,
1049 3466 1146 3519 illusor
1164 3465 1244 3521 chri-

162 3540 199 3590 sti
221 3545 251 3589 et
267 3536 428 3606 hypocrita,
458 3544 487 3587 et
504 3534 565 3587 aliis
583 3535 689 3588 demum
704 3535 993 3588 contumeliosioribus
1018 3536 1157 3589 vocubulis
1181 3553 1243 3589 eum

183 3605 383 3664 roscindebant.
420 3606 601 3676 Sguropulum
619 3623 728 3676 quoque
746 3608 828 3659 variis
865 3607 952 3659 rubris
968 3623 1098 3678 perquam
1110 3608 1244 3661 iniuriose

162 3624 330 3731 lacerabant.
372 3676 479 3728 Deinde
503 3675 597 3728 ambos
622 3677 651 3726 in
676 3675 806 3741 aedibus,
825 3625 873 3729 uli
893 3678 1118 3742 diversabantur,
1140 3680 1178 3731 ita
1197 3697 1246 3730 cn·

165 3748 341 3808 stodierunt,
364 3753 396 3796 ut
422 3744 513 3816 egredi
541 3763 673 3816 nusquam
699 3755 816 3815 possent
864 3748 900 3800 At
917 3748 1102 3816 imperatrix,
1127 3766 1162 3801 an
1179 3749 1245 3818 quia

164 3816 264 3870 borum
292 3818 335 3870 illi
353 3816 436 3869 etiam
460 3816 531 3868 nibil
549 3814 674 3878 dolebat,
692 3836 726 3869 an
745 3820 809 3888 quia
836 3818 1027 3869 seditiosorum
1054 3817 1171 3886 impetus
1190 3819 1245 3869 iam

166 3891 316 3957 reprimere
340 3897 368 3939 et
386 3903 509 3938 coercere
530 3903 587 3939 non
605 3896 729 3957 poterat,
748 3889 860 3941 silentio
878 3889 929 3940 ista
946 3887 1059 3940 ferebat
1095 3888 1245 3941 Archontes

167 3974 216 4010 reu
244 3958 378 4029 primores
404 3958 463 4020 illi,
486 3957 516 4006 in
546 3975 661 4028 quorum
682 3960 808 4013 manibus
834 3959 885 4008 iam
908 3964 1028 4010 erat‘res
1045 3959 1171 4025 publicu,
1188 3975 1246 4010 ma·

167 4037 238 4081 trem
258 4028 351 4097 magui
373 4026 515 4079 domestici
533 4045 593 4080 cum
610 4045 645 4079 ne
666 4036 711 4079 ote
728 4028 882 4081 Andronico
901 4026 975 4080 domi
993 4029 1140 4089 inclusam,
1166 4035 1246 4079 aucta

170 4097 310 4163 custodia,
331 4099 415 4151 tutius
435 4095 587 4152 servabant.
625 4045 676 4149 Ubi
695 4099 763 4150 belli
784 4099 890 4150 flamma
908 4099 1032 4165 Byzantii
1051 4098 1106 4149 iarn
1124 4098 1246 4160 emicuit,

170 4169 235 4221 alias
253 4185 367 4291 quoque
385 4169 483 4231 urbes,
502 4172 617 4220 maiores
635 4168 827 4239 minoresque,
844 4167 879 4219 od
898 4167 955 4220 eius
977 4170 1133 4220 societatem
1152 4164 1247 4219 dedita

168 4253 249 4308 opera
266 4249 310 4294 tra
330 4255 409 4293 noere
427 4245 552 4311 oportere
572 4236 723 4292 iudicatum
743 4246 792 4292 eet.
812 4239 881 4308 Ergo
897 4238 933 4290 ad
946 4254 1038 4290 omnes
1055 4238 1245 4305 imperatoriae
