2934 4700
6 257 18 296 '
219 270 289 372 114
343 292 345 296 ‘
622 299 913 370 caumcurnu

87 449 156 506 ae.
170 447 360 533 ιομχσίρειι
385 448 471 517 ἐάσω
494 447 554 527 τάς
573 449 666 531 ἀίξας
685 455 750 519 τάν
769 458 894 519 πολλῶν
913 447 958 532 ἀς
979 454 1186 537 ψευδομένας.
1225 478 1312 523 sess·

234 548 421 634 λεοτηκότος
436 547 544 617 τοίνυν
560 553 618 617 τοῦ
635 555 792 634 βασιλέως
809 553 1009 637 Ἀνδρονίκου
1024 556 1085 618 τοῦ
1099 556 1194 635 νέου,
1216 555 1238 642 ἦ
1257 559 1318 621 ari·

229 647 273 735 τῷ
299 646 435 733 σάζυγος
456 640 557 717 ’Ἅννα
576 649 598 735 ἦ
616 649 743 733 βασιλίς
771 653 817 727 είς
842 655 948 739 τρίτην
968 654 1029 735 μέν
1047 651 1171 739 ἡμέραν
1190 658 1318 739 ἀιεκαρ·

231 746 362 831 τέρησεν
382 747 419 813 ἐν
435 751 475 836 τῇ
492 752 572 837 μονῇ
593 752 658 815 τάν
672 749 820 835 Ὁέηγάν.
860 748 941 832 μετά
960 755 1053 817 τοῦτο
1074 754 1111 818 δὲ
1130 756 1165 820 ἐν
1177 759 1318 837 βασιλιί·

199 846 279 921 Οοις
297 849 467 932 γενομένη,
497 850 668 934 ἐπένθησεν
686 850 738 937 ἐφ’
760 851 893 936 ἡμέραις
910 852 1019 934 ἐννέα,
1050 852 1175 919 πάντων
1200 851 1337 939 ἐσημέὀ

231 969 289 1029 ραι
309 941 389 1031 πρὸς
407 943 447 1013 τά
475 951 621 1030 βασιλεια
646 953 919 1036 παραγινομένων,
949 949 988 1013 od
1015 954 1079 1017 τάν
1108 956 1319 1038 συγκλητικῶν

232 1040 330 1125 μόνον
357 1047 413 1110 καί
440 1048 719 1132 προτεινομένων,
752 1046 834 1113 ἀλλά
864 1046 920 1113 καί
943 1052 1007 1114 τάν
1038 1046 1109 1116 ὅσοι
1134 1052 1319 1130 Βυζαντίων

233 1137 317 1227 ἦσαν
337 1145 372 1211 ἐν
391 1139 472 1234 λόγῳ
492 1142 654 1235 καὶκοινῇ
671 1145 725 1213 τὸν
746 1144 928 1212 ἀπελθόντα
948 1148 1151 1234 θρηνούντων
1169 1154 1316 1233 βασιλέα.

233 1243 413 1323 ἀομέοτικος
433 1245 470 1310 δέ
493 1242 623 1329 ὅμέγας
641 1247 676 1324 ἐξ
696 1245 797 1331 αάτῆς
817 1241 946 1332 ἡμέρας,
968 1239 1006 1332 ἧς
1018 1244 1242 1334 ἐτελεάτησενά
1257 1254 1318 1331 βα·
1395 1244 1397 1247 ’

232 1338 353 1422 σιλεάς,
376 1342 503 1428 οάἀαμῆ
523 1347 586 1410 τάν
603 1347 775 1427 βασιλειαν
794 1346 933 1430 ἀπέστη,
955 1344 1038 1412 ἀλλά
1058 1351 1171 1413 πάντα
1194 1351 1357 1414 sesanam

229 1443 290 1507 καί
317 1443 382 1507 τάν
401 1445 574 1524 βασιλικόν
592 1448 817 1521 πεντακοσίους
836 1442 929 1528 ἔχων,
952 1443 1010 1521 σάς
1028 1448 1232 1531 ἐγκατέστησε
1250 1453 1317 1522 τοῖς

232 1540 403 1623 βασιλείοις
422 1539 586 1629 φρουράν,
609 1541 665 1608 διά
683 1541 787 1629 πάσης
807 1545 985 1627 ἐπιμελείας
1005 1546 1136 1610 ἐποιεῖτο
1149 1547 1205 1610 καί
1216 1568 1316 1612 σπου-

235 1642 293 1724 δῆς
310 1644 373 1706 τάν
397 1639 473 1716 ἴσως
493 1639 740 1727 νεωτερισάντων
758 1640 976 1726 ἀπαμβλύνειν
995 1643 1055 1720 τάς
1073 1642 1186 1729 ὁρμάς.
1234 1642 1316 1725 μετά

235 1741 272 1805 δέ
297 1736 354 1824 την
380 1739 495 1826 ἐνάτην
522 1744 586 1807 τάν
605 1740 662 1807 ἐπί
676 1750 743 1819 τοῖς
764 1739 997 1826 τετελευτηκόσι
1023 1740 1170 1828 συνήθως
1195 1766 1317 1825 γενενη-

234 1841 338 1919 μένων
362 1838 525 1925 ἱλασμῶν,
555 1839 614 1927 τὴν
638 1845 699 1924 μέν
724 1840 871 1929 φρουράν
895 1839 953 1926 τὴν
971 1841 1088 1926 πολλὴν
1106 1846 1234 1924 ἐξέβαλε
1254 1835 1358 1933 sois&

204 1938 419 2020 ὓβασιλεάυν,
451 1939 576 2025 ἀλιγους
598 1941 805 2026 καταστήσας,
834 1935 903 2006 ὅσοι
927 1942 984 2006 καί
1000 1938 1149 2026 πρότερον
1169 1942 1204 2018 ἐξ
1222 1938 1318 2016 ἔθους

239 2030 331 2122 η’σοιν.
393 2033 547 2132 ostitiarii
573 2038 654 2108 οἴκοι
678 2038 833 2125 γεγονάς,
866 2038 1015 2123 συνήθως
1046 2043 1226 2120 ἐπεμελεῖτο
1255 2040 1319 2104 τῶν

236 2134 447 2225 πραγμάτων·
477 2138 533 2205 καί
544 2150 611 2217 τοῖς
624 2163 659 2206 τε
670 2138 728 2215 τάς
741 2137 844 2221 ἀρχάς
856 2139 1135 2223 ἐπιτετραμμένοις
1145 2139 1208 2202 τῶν
1220 2140 1318 2221 ε’παρ-

237 2243 319 2323 χιών
346 2242 403 2305 καί
429 2241 493 2306 τάν
520 2238 641 2305 πόλεων
658 2235 791 2328 παρῄνει
811 2236 865 2302 tot
886 2237 1078 2321 γραμμάτων
1097 2239 1242 2321 ἀτρεμεῖν
1263 2238 1321 2298 καί

236 2340 337 2424 μηέἐν
357 2341 575 2425 νεωτερίζειν,
604 2337 647 2415 ὥς
666 2340 722 2424 τῆς
742 2362 777 2403 τε
796 2338 1027 2421 καλοκάγαθιας
1046 2337 1100 2401 καί
1118 2340 1173 2422 τῆς
1193 2337 1237 2411 εἰς
1255 2339 1358 2418 pio-ao

238 2438 329 2506 σιλέα
347 2439 472 2516 εάνοίας
492 2442 583 2518 ἀξίας
602 2437 855 2522 ἀποληψομένοις
873 2436 930 2512 τὰς
950 2438 1147 2522 εὐεργεσίας,
1170 2433 1226 2500 καὶ
1243 2436 1317 2500 rosi·

237 2541 374 2622 ναντίον,
396 2531 434 2623 ἦν
452 2562 483 2603 τι
502 2538 730 2622 νεωτερίζοιεν,
752 2538 876 2601 τίσουσι
896 2538 996 2612 δίιιας.
1039 2538 1171 2612 καὶτοῖς
1183 2540 1246 2599 τοῖν
1260 2537 1317 2619 δη-

236 2642 358 2721 μοσίων
386 2640 606 2723 συνεὶσφοράν
632 2634 689 2720 τὴν
708 2633 872 2719 εἴσπραξιν
892 2636 1171 2718 ἐγκεχειρισμένως
1194 2635 1318 2698 ἐκέλευε

236 2746 421 2826 κακουργεῖν
439 2736 515 2823 περί
528 2735 566 2802 τὰ
584 2732 734 2823 χρηματα
752 2737 868 2820 μηδὲν,
898 2734 942 2812 ἀς
961 2733 1054 2801 sitm
1072 2731 1200 2800 ἔλαττον
1218 2728 1239 2818 ἢ
1258 2738 1319 2816 βα-

306 2890 333 2943 o
349 2884 407 2963 πρέ
424 2888 452 2943 Ρ.
523 2905 565 2945 aa.
583 2905 627 2947 τιε
642 2888 671 2944 1².

235 3029 320 3097 igitur
339 3026 493 3083 Andronico
511 3026 620 3079 iuniore
637 3027 819 3094 Imperatore,
841 3024 961 3093 Augusta
982 3025 1075 3078 triduo
1099 3025 1130 3078 in
1152 3028 1319 3080 monasterio

235 3100 410 3171 Hodegorum
426 3100 535 3152 mansit·
569 3097 664 3151 Postea
684 3096 715 3147 in
732 3098 833 3167 regium
847 3112 981 3167 regressa,
997 3094 1097 3149 diebus
1114 3111 1211 3148 norem
1231 3097 1320 3149 luctui

236 3187 266 3225 se
284 3170 408 3235 dedidit,
426 3187 487 3222 cum
505 3167 631 3241 quotidie
648 3181 760 3229 omncs,
778 3182 835 3219 non
854 3175 990 3220 martores
1007 3167 1091 3219 modo
1107 3184 1139 3218 ac
1155 3167 1252 3230 duces,
1269 3166 1319 3219 sed

236 3249 374 3313 quotquot
389 3240 511 3308 Byzantii
536 3237 704 3300 eminebant,
725 3237 887 3290 accederent
905 3247 933 3292 et
950 3235 1109 3290 defunctum
1126 3240 1319 3306 Imperatorem

236 3313 372 3365 communi
398 3309 592 3366 lamentatione
621 3317 857 3378 prosequerentur.
905 3310 1021 3377 Magnus
1046 3323 1128 3378 porro
1154 3309 1319 3360 domesticus

235 3384 272 3435 ab
291 3398 324 3433 eo
344 3383 404 3450 ipso
422 3381 482 3443 die,
511 3396 566 3449 quo
587 3379 738 3446 Imperator
753 3379 870 3432 animam
889 3378 994 3441 edidit,
1016 3396 1032 3431 a
1056 3380 1159 3448 palatio
1183 3395 1319 3450 nusquam

237 3453 411 3508 discedebat:
431 3450 479 3504 sed
499 3449 656 3520 quingentis
670 3451 769 3518 partim
790 3451 856 3512 suis,
874 3449 974 3520 partim
987 3449 1169 3519 imperatoriis
1181 3451 1209 3500 in
1228 3465 1261 3500 eo
1282 3448 1319 3500 ad

236 3523 389 3578 custodiam
406 3521 563 3581 collocatis,
588 3535 722 3572 summum
741 3519 862 3572 studium
879 3519 1106 3592 diligentiamque
1123 3519 1318 3591 impendebats

235 3603 269 3651 ut
288 3595 312 3647 si
331 3592 380 3676 qui
398 3590 511 3645 sortasse
529 3607 571 3643 res
588 3607 672 3642 noras
694 3598 879 3653 attentarent,
907 3606 1002 3642 eorum
1019 3599 1131 3643 conatus
1149 3590 1319 3659 infringeret.

235 3665 300 3721 Post
322 3665 397 3718 drem
424 3678 544 3726 nonum,
573 3666 697 3729 peraeta,
732 3668 765 3711 ut
793 3662 909 3723 assolet,
947 3677 997 3730 pro
1024 3662 1160 3714 defunctis
1186 3662 1321 3729 piaculari

236 3738 421 3798 caerimonia,
435 3731 561 3786 custodes
579 3749 595 3784 e
612 3730 716 3801 palatio
736 3729 852 3783 dimittit
868 3731 975 3802 (paucis
992 3732 1123 3793 retentis,
1150 3740 1219 3800 quot
1236 3732 1322 3784 nimi·

235 3825 296 3860 rum
313 3816 341 3860 ct
358 3814 437 3861 antea
455 3819 513 3857 esse
533 3804 748 3871 consueverant),
765 3801 824 3871 ipse
842 3801 933 3867 domi,
957 3810 988 3853 ut
1004 3817 1125 3872 semper,
1144 3800 1320 3869 reipublicae

236 3878 357 3930 animum
377 3875 558 3936 intendebat,
585 3879 614 3923 et
634 3871 744 3925 urbium
760 3874 1015 3945 provinciarumque
1037 3879 1155 3925 rectores
1172 3887 1221 3939 per
1242 3872 1320 3921 litte·

237 3967 279 4002 ras
296 3950 441 4008 monebat,
458 3961 493 3998 ne
511 3944 593 3998 rebus
610 3945 686 3995 noris
704 3943 861 4009 studerent;
880 3954 912 3996 ut
931 3952 976 3996 ote
993 3940 1074 3994 buius
1089 3958 1153 3995 suae
1173 3940 1319 4009 probitatis

238 4027 268 4074 et
285 4020 408 4091 egregiae
424 4019 455 4068 in
472 4018 665 4085 imperatorem
684 4013 835 4068 voluntatis
852 4030 902 4067 eon
923 4015 986 4084 igno
1003 4013 1123 4082 praemia
1142 4021 1317 4080 acceptuross

238 4092 374 4146 contrari
394 4085 462 4162 quid
484 4084 718 4147 machinarentur,
742 4101 844 4155 poenas
866 4085 987 4142 daturos.
1021 4083 1220 4153 Quaestoribus
1250 4082 1319 4132 item

238 4160 403 4222 mandabat,
430 4172 467 4213 ne
492 4156 560 4227 quid
579 4155 688 4208 sceleris
705 4159 736 4209 in
760 4158 878 4226 pecunia
903 4156 1097 4225 designarent,
1127 4151 1201 4224 qood
1228 4150 1319 4203 nihilo

238 4234 347 4301 minus,
376 4246 460 4306 quam
476 4228 642 4302 Imperatore
665 4228 739 4295 tiro,
756 4226 877 4284 rationes
898 4226 1012 4282 relaturi
1036 4232 1135 4281 essent
1162 4223 1261 4295 ¹Atque
1283 4219 1319 4277 sd
