2934 4700
218 253 268 309 to
676 239 886 305 Pffltocfla

211 399 537 475 matemautensem
556 398 615 450 eius
633 396 745 450 nomine
762 390 801 445 ad
815 389 976 465 pontificem
990 386 1141 441 Romanum
1153 370 1294 456 confici&

208 475 369 545 periculum-
386 473 414 525 ei
436 486 564 540 magnum
590 466 705 537 conflat.
750 463 895 517 Clementis
918 459 991 514 sexti
1014 470 1178 526 responsum
1221 445 1297 519 Quid

203 545 338 617 jacturas
357 539 558 614 Apocaucisus‚
585 537 611 590 si
633 534 713 591 doius
733 552 791 587 nors
809 527 973 605 procederet
990 525 1056 597 (87).
1094 524 1192 578 Odium
1209 522 1241 575 in
1258 521 1295 573 ii·

212 618 268 670 uem
293 630 442 667 commune.
484 610 566 679 Urget
592 604 816 683 aedificationem
835 601 959 656 carceris
975 611 1003 653 et
1021 617 1040 651 a
1055 594 1161 650 vinctis
1180 592 1296 646 obtrun-

213 698 301 738 catur.
337 684 492 737 Amicorum
509 692 536 733 et
552 677 647 730 utaris
664 671 842 747 Imperatoris
859 672 970 724 litterae
991 667 1024 722 de
1036 667 1097 735 eius
1118 680 1184 718 nece
1201 675 1227 716 et
1247 661 1294 712 in·

211 756 315 811 vitatio
334 754 517 821 Byzantium,
536 749 667 818 urbisque
687 739 866 815 occupandae
882 737 1011 794 indicata
1030 731 1208 792 commoditas
1226 731 1295 800 (88).

208 828 309 881 Persae
334 823 417 878 duces
432 816 608 892 persuadent
627 818 837 873 Cantatum,
855 815 898 865 uti
915 811 1008 862 statim
1026 824 1086 860 cum
1104 805 1229 858 omnibus
1247 817 1294 854 co·

207 899 264 969 piis
283 894 446 963 Byzantium
464 888 571 946 tendat.
608 888 683 942 Uxor
706 881 866 957 Apocauciti
892 882 923 933 in
940 879 1077 951 Epibatas
1094 880 1204 948 migrat.
1239 873 1295 926 im·

206 979 324 1040 perator
340 967 448 1035 cuipam
465 963 628 1014 amissarum
648 957 758 1025 urbium
774 948 958 1008 Macedoniae
976 950 1007 1002 in
1017 949 1116 1002 Persae
1131 951 1215 1000 duces
1225 959 1293 998 con-

200 1039 279 1111 fert,
297 1054 358 1090 cum
375 1034 474 1108 quitus
491 1033 524 1084 in
540 1026 735 1084 Macedoniam
753 1022 835 1082 redit.
868 1020 1024 1076 Sulimanus
1042 1017 1167 1069 moritur.
1203 1014 1293 1068 Amu-

208 1110 269 1162 rius
292 1106 461 1176 prouinciae
479 1117 545 1162 suae
563 1118 582 1153 α
600 1098 745 1155 Sarakene
761 1099 876 1152 timens.
895 1090 1002 1147 domum
1024 1089 1186 1141 reuertitur.
1222 1085 1293 1138 Cra·

206 1178 248 1232 Ies
264 1177 368 1230 Pheras
388 1186 506 1245 occupat
525 1183 552 1227 et
570 1185 599 1223 se
615 1172 826 1239 Imperatorem,
848 1164 939 1237 filium
958 1158 1067 1215 Graiem
1085 1157 1208 1229 appellat
1224 1152 1291 1223 (89).

206 1251 338 1304 Batatzes
355 1247 445 1300 iussus
458 1242 535 1317 fines
552 1242 723 1309 Byzantinos
740 1243 888 1294 incursat:
910 1232 950 1289 ud
968 1230 1168 1302 imperatricem
1195 1229 1292 1279 immo·

206 1316 274 1373 dica
287 1317 403 1371 honoris
420 1310 550 1385 cupidine
568 1312 680 1366 transit.
724 1312 829 1371 causa,
852 1322 904 1360 eur
925 1301 1092 1374 imperatrix
1118 1315 1136 1350 a
1156 1314 1226 1370 pace
1249 1295 1292 1348 sic

206 1387 394 1444 abhorruerit.
428 1386 565 1441 Botataen
579 1382 657 1440 adse
671 1397 806 1438 revocem
821 1377 995 1449 quamobrem
1012 1367 1151 1423 laborarit
1169 1366 1293 1436 Impera·

116 1506 121 1517 .
206 1472 259 1514 tor.
302 1458 375 1513 Eius
398 1456 576 1529 praeclarum
592 1449 730 1527 quoddam
749 1450 848 1507 uisum.
888 1449 1015 1501 Batattes
1033 1459 1050 1491 a
1073 1439 1165 1491 Persis
1198 1448 1293 1507 rapter

204 1533 399 1602 Inperatorem
417 1524 563 1581 occiditur.
598 1524 742 1593 Empyrite
757 1518 929 1590 imperatrici
943 1509 1110 1570 transditur.
1144 1456 1294 1577 Pirango·

204 1601 290 1672 palus
306 1595 442 1672 ¹puidam,
475 1596 568 1650 inuita
587 1596 757 1665 Imperatore
781 1592 813 1644 in
837 1601 931 1644 castra
954 1581 1105 1641 adductus,
1141 1594 1160 1628 a
1182 1592 1291 1633 ueneno

207 1688 267 1724 eum
278 1664 455 1790 servapbao).
490 1665 636 1722 Hieracem
653 1663 708 1719 eiii
722 1662 817 1718 moliri
830 1658 980 1720 interitum,
998 1670 1055 1706 non
1066 1646 1154 1705 credit
1163 1648 1292 1718 primurm·

206 1757 286 1815 quem
309 1736 356 1792 dei
394 1736 516 1811 eoffirii
541 1735 677 1790 admonet.
714 1734 780 1788 cum
800 1727 982 1786 Archontt‘ias
1001 1724 1099 1778 iterum
1116 1730 1148 1770 ut
1162 1715 1291 1788 proditor

205 1810 274 1881 agit.
309 1807 384 1861 Idem
399 1807 477 1878 fitcit
501 1803 728 1878 Paraspondyius
745 1816 773 1859 et
789 1799 857 1855 duas
877 1800 911 1853 ob
929 1811 1028 1854 causas
1043 1789 1173 1846 Hieracis
1190 1802 1290 1841 nomen

206 1878 247 1936 “d
264 1880 457 1945 [mmmmm
477 1874 574 1949 defirt·
611 1875 666 1943 Qui
683 1875 716 1931 in
732 1891 829 1946 pugna
844 1871 1025 1928 uulneratus,
1053 1859 1092 1914 ad
1112 1870 1205 1914 castra
1225 1873 1289 1928 per·

205 1948 327 2006 mimi·
370 1948 533 2015 Byzantium
549 1946 690 2019 pmfitgitp
711 1945 753 2000 eti
771 1943 806 1998 de
828 1938 912 1996 caede
933 1932 1111 2009 Imperatoris
1133 1947 1191 1983 nan
1213 1927 1309 1982 obita·

201 2037 318 2088 witam
336 2016 414 2076 dicit.
451 2016 579 2072 Studiosi
597 2015 776 2091 Imperatoris
792 2011 922 2083 Byzantii
937 2011 994 2063 iam
1009 1999 1149 2073 manifesti
1170 1996 1211 2051 ad
1229 2014 1289 2051 eust

156 2154 162 2173 .
203 2089 373 2162 Mutina&
404 2090 520 2144 Hierum
535 2104 625 2158 paene
643 2100 849 2157 occupatumac
861 2097 985 2151 masper
997 2071 1194 2145 negligentiam
1206 2068 1289 2121 amis·

204 2179 264 2216 Μ
278 2161 344 2230 (91)·
380 2158 567 2230 Adrianopoii
580 2159 789 2212 Cantacuaenus
800 2163 961 2210 coronatur.
983 2142 1097 2203 Ioanni,
1109 2139 1290 2211 patriarchae

207 2231 536 2304 Constantinopolitano,
556 2228 591 2280 ab
608 2227 759 2301 episcopis,
776 2226 943 2295 Imperatore
960 2224 1116 2279 annuente,
1136 2211 1223 2265 sacris
1240 2210 1288 2261 in-

205 2299 362 2356 terdicitur.
398 2301 535 2354 Primores
544 2310 571 2353 et
588 2298 725 2355 exercitus
741 2293 912 2351 Mattianum
920 2288 1018 2368 filium
1034 2287 1226 2355 Imperatorem
1242 2279 1289 2333 ds·

205 2373 318 2457 ripuari
340 2384 442 2440 rogant
449 2392 466 2438 ,χ
484 2369 560 2442 quod
579 2371 734 2442 Immrator
750 2369 891 2437 sapienter
908 2374 1018 2417 recusat
1033 2357 1103 2427 (92).
1140 2351 1288 2407 Inessaio-

204 2441 359 2504 mutium
376 2439 481 2496 caedes.
516 2439 699 2510 Paiaeoiogus
715 2437 873 2510 praefectus
892 2451 911 2488 a
928 2434 1035 2486 Ioanne
1057 2421 1221 2497 Apocauciso
1244 2422 1289 2474 in·

204 2511 353 2585 terficitur.
393 2512 552 2563 Zelotarum
573 2511 661 2563 scelus
685 2521 713 2564 et
734 2508 870 2578 impietae.
905 2500 1022 2569 Quidam
1039 2512 1133 2553 earum
1150 2512 1167 2546 α
1185 2493 1288 2563 popuio

203 2595 362 2635 mmm?
370 2599 383 2646 ὅ
406 2597 477 2633 “W
499 2597 551 2650 ptr
565 2579 658 2650 sorum
675 2576 805 2634 trahitur.
841 2572 1019 2646 Apocaucitus
1038 2582 1089 2640 pru
1115 2566 1288 2617 Cantacute·

203 2653 272 2706 ”⁸⁸⁰⁰
285 2667 314 2705 ’θ
327 2666 444 2721 §mma
461 2650 576 2703 Zeiotas
588 2648 686 2720 punit.-
704 2646 883 2721 defectionem
894 2642 933 2696 ad
946 2639 1146 2713 imperatricem
1159 2633 1287 2685 tinnulae.-

200 2734 283 2794 patre
298 2732 406 2774 mortuo
419 2732 514 2790 aperte
533 2721 727 2773 Cantacueeno
737 2719 841 2790 juvet.-
865 2712 1087 2769 Thessalonicam
1103 2704 1145 2768 ei,
1165 2704 1286 2757 concilio

205 2790 393 2874 stffapante,
420 2788 508 2842 tradit
532 2789 599 2858 (93).
634 2787 679 2842 Ad
697 2790 918 2843 Cantacueenum
927 2782 1021 2854 legati.
1048 2773 1287 2845 Qmenamtms·

205 2863 395 2915 salonicenses
413 2878 432 2912 a
439 2859 509 2938 fiiio
531 2861 590 2915 eius
605 2871 729 2930 petentes
744 2858 928 2928 impetrarint.
962 2849 1088 2905 Andreas
1100 2845 1286 2912 Palaeoiogus

204 2945 235 2988 et
249 2931 366 2986 Cocalus
377 2933 506 3001 populum
521 2929 561 2983 ad
570 2948 647 2983 arma
659 2928 819 2982 sollicitant.
857 2922 1037 2995 Apocauchus
1050 2932 1076 2974 et
1089 2915 1160 2969 socii
1172 2931 1286 2968 carcere

205 3017 242 3055 ac
257 3003 322 3055 vita
337 3001 498 3058 multantur.
524 3003 664 3055 Humanus
678 2998 762 3067 adeps
775 2994 933 3051 comeditur.
968 2989 1124 3045 Matthaeus
1132 2983 1211 3054 filius
1227 3001 1285 3037 rens

205 3085 307 3127 contra
326 3072 473 3126 Hieracem
490 3072 521 3124 in
546 3071 666 3124 Thracia
676 3068 807 3141 feliciter
825 3068 896 3136 gerit
917 3064 983 3135 (94).
1017 3052 1185 3114 Patriarcha
1208 3056 1284 3108 Gon-

204 3142 472 3224 nantinopoiitanus
486 3159 505 3193 α
514 3160 591 3262 papa
608 3140 783 3200 declaratus,
809 3140 940 3205 Smyrnae
956 3135 990 3187 ab
1010 3129 1121 3185 Amurio
1136 3124 1284 3181 Persarum

203 3224 329 3284 lampa,
357 3214 505 3281 tuguiatur.
527 3213 550 3265 C
567 3211 591 3263 ii
604 3211 736 3281 compulsi
751 3207 937 3263 Genuensibus
954 3223 982 3257 se
998 3202 1112 3256 dedunt.
1130 3196 1283 3250 Pisaceoia·

201 3294 259 3343 Μ,
279 3293 362 3352 capla
376 3283 431 3335 iam
450 3282 527 3344 Citio,
547 3298 606 3333 esem
624 3280 781 3335 triremibus
792 3280 848 3331 steis
865 3276 1027 3345 Byzopttium
1041 3269 1132 3325 redit.-
1155 3271 1284 3321 Genum-
1301 3300 1306 3310 .

202 3369 260 3406 sem
282 3352 442 3407 onerariam
460 3352 614 3419 intercipit.
648 3352 687 3404 Im
707 3350 814 3404 eretria
824 3348 963 3417 Mpeiicir,
984 3339 1282 3410 carbonaeprincipis,

204 3440 222 3476 ο
242 3438 282 3503 tat
299 3423 434 3490 impetrat.
468 3422 537 3475 Eius
543 3421 666 3492 fratrem
685 3370 884 3490 dammatieam
898 3418 1034 3473 exercitus
1051 3408 1169 3467 tomani
1187 3408 1284 3463 dstcem

196 3440 284 3565 βω·
303 3490 427 3546 ‘Mam'
439 3490 594 3553 ΠΜΟᾹΟΜ,
608 3489 786 3561 [inperatoris
800 3490 881 3563 filia,
903 3486 979 3557 apud
990 3482 1142 3552 Setytrtam
1154 3480 1282 3534 solenni-

205 3561 256 3644 ὂψ
280 3578 337 3615 cum
367 3563 543 3616 caerimoniis
560 3575 671 3629 nuptum
691 3560 820 3614 traditur.
865 3556 997 3612 Eiusdem
1016 3568 1158 3607 maronae
1177 3550 1282 3605 eximia

203 3643 296 3715 vfft'fttt
310 3630 375 3700 (95)Ι
411 3633 600 3702 Speculatores
615 3633 740 3685 submissi
762 3649 796 3685 er
816 3631 936 3684 Ponticis
948 3627 1076 3686 urbibus,
1097 3640 1214 3695 quorum
1232 3621 1280 3672 in·

203 3698 278 3754 decta
295 3701 415 3768 sicarius
434 3700 658 3772 deprehenditur.
693 3703 859 3786 imperatrix
877 3698 916 3752 ad
928 3697 1087 3752 Sosthenis.
1105 3691 1211 3759 Lydiae
1230 3708 1279 3742 sa-

202 3784 312 3854 miae.
327 3773 462 3824 militem
479 3772 610 3846 conjugit.
632 3773 736 3825 Amurit
751 3770 850 3824 techna
871 3768 909 3822 ad
924 3763 1136 3822 succurrendum
1154 3765 1279 3831 Impera·

198 3855 263 3894 tort·
298 3843 398 3898 Persae
415 3860 433 3894 a
445 3843 595 3911 perfidioeo
609 3841 687 3909 sacto
703 3840 840 3896 cohibiti:
863 3841 959 3894 obvios
974 3839 1086 3910 capiunt
1104 3845 1130 3888 et
1146 3834 1278 3903 spoliant.

199 3913 292 3994 Duces
305 3926 398 3964 eorum
419 3913 452 3965 ab
467 3914 634 3983 Imperatore
653 3912 787 3965 conuiuio
803 3913 998 3979 excipiuntur:
1021 3909 1096 3979 iique
1113 3916 1279 3974 praeterna-

200 3994 330 4065 v‘tissntet
344 3996 371 4035 et
383 3985 574 4037 conviciantes
593 3984 742 4044 Byzantios
755 3983 865 4050 sagittis
880 3993 983 4051 petunt.
1022 3975 1159 4045 Byzantii,
1181 3988 1276 4026 eorum

200 4050 353 4133 d⁶fi³⁶u⁰n⁶
367 4066 524 4123 Wii’ffla,
551 4052 674 4106 redeunt.
717 4053 838 4106 Donatis
854 4049 978 4112 ducibus,
990 4049 1090 4102 Persae
1106 4043 1213 4098 domum
1229 4059 1277 4095 re·

200 4132 364 4174 mittunturs
386 4124 518 4177 Moesiam
533 4120 759 4192 depraedantur.-
772 4125 926 4190 Imperator
938 4131 1091 4175 excusatur.
1122 4117 1164 4168 De
1178 4117 1276 4167 Iioma·

201 4187 246 4244 nis
263 4191 385 4247 nostibus
398 4206 425 4249 et
443 4194 603 4250 auctoribus
618 4194 751 4256 maiorum
767 4194 888 4247 omnium
906 4193 1002 4264 grauis
1014 4188 1189 4262 quemnam
1204 4183 1275 4254 (96)-
