2934 4700
248 281 304 396 76
643 311 924 380 clursuomrrr

97 474 160 532 bc.
170 471 231 543 slis
243 456 360 543 λεμίων
372 456 499 538 ἔπεισας
511 461 680 544 γενέσθαι,
705 462 823 528 έκεϊνοί
840 488 874 529 τε
897 464 953 529 άεί
966 487 1019 531 σοι
1037 463 1095 550 τὴν
1109 459 1235 532 εὔνοιαν
1255 466 1330 532 siru-

242 564 374 645 τηροῦσι
388 563 444 624 καί
456 559 725 643 ἡμάςάνέπεισαν,
738 561 835 626 πολλά
849 564 903 628 καί
915 562 1081 645 θαυμάαιά
1093 590 1163 630 τινα
1179 569 1253 648 περί
1264 558 1328 630 σοιῖ

243 660 421 742 διεξιόντες,
442 654 498 744 τὴν
514 657 587 744 ἴσρν
605 659 661 723 καί
676 659 788 742 όμαίαν
800 655 925 726 εόνοιαν
938 668 1107 748 κεκτῆσθαι
1121 669 1194 749 περί
1208 670 1255 746 σὲ,
1269 665 1326 750 ὑφ’

244 749 282 843 ἧς
297 756 353 822 καί
369 760 426 823 νῦν
441 760 646 839 πεπείσμεθα,
666 756 723 842 τὴν
737 764 905 843 πρεσβείαν
917 761 1032 845 ταύτην
1041 760 1235 845 ποιήσασθαι
1247 767 1327 827 νυνί.

244 856 301 939 τόν
318 859 378 937 μὲν
393 850 453 919 oda
468 850 598 935 άξίωσιν
611 857 700 942 ἡμῶν
721 855 750 921 οἱ
769 856 1012 943 παραγενόμενοι
1032 862 1243 943 ἀπαγγελοῦσι
1258 864 1349 943 πρέ·5

248 962 345 1037 σβεις.
379 947 418 1019 άν
433 955 468 1019 δὲ
482 953 603 1032 τούτοις
608 959 733 1037 βασιλίς
745 980 778 1021 τε
792 961 849 1022 καί
861 954 954 1035 αάτός
968 959 1215 1045 ἑπιρρφάτησθε,
1236 960 1330 1024 οὐδὲν

250 1050 297 1119 ἔτι
307 1052 343 1118 τό
356 1056 496 1118 κωλῦσον
511 1052 594 1138 ἡμᾶς
610 1050 671 1118 rino*
690 1054 747 1140 τὴν
754 1055 918 1135 Ῥωμαίων
928 1059 1103 1137 βασιλείαν,
1118 1054 1222 1141 ὥσπερ
1236 1060 1331 1141 ἐπηγ-

152 1150 432 1237 λ1.3ιαγειλάμεθα,
447 1158 557 1234 τελεῖν,
570 1149 666 1233 μόνον
681 1155 711 1218 εἰ
727 1149 824 1230 uiros
839 1151 935 1243 άφίξγ,
953 1156 1032 1239 πρός
1046 1158 1137 1239 ἡμᾶς,
1154 1156 1210 1233 τάς
1225 1181 1259 1221 τε
1272 1160 1331 1221 πό-

250 1259 314 1326 λεις
337 1246 602 1335 παραληψόμενος
621 1253 677 1317 καί
699 1251 738 1317 τά
757 1255 897 1317 ἐνταῦθα
923 1251 1108 1337 πράγματα,
1136 1250 1196 1342 «inp
1219 1248 1258 1318 ἄν
1279 1278 1331 1320 σοι

156 1354 333 1439 modiosq,
355 1343 468 1435 άριστα
487 1351 685 1435 όιοικὴσιον.”
710 1350 750 1416 τά
776 1355 836 1432 μὲν
857 1346 913 1416 σόν
931 1354 1100 1436 γράμματα
1119 1354 1183 1441 s‘dr'qs
1204 1377 1238 1416 τε
1256 1349 1371 1425 iad-so

247 1474 309 1540 στιρ
330 1447 386 1513 καί
398 1451 494 1514 πᾶσιν
509 1449 593 1530 όμοό
606 1453 713 1514 τοιάόε
729 1442 777 1533 ἦν.
812 1446 834 1514 ό
852 1450 1019 1532 δεξάμενος
1035 1448 1051 1513 ό
1070 1455 1169 1533 μέγας
1186 1454 1331 1531 όόμέστι-

247 1575 309 1632 κος,
328 1547 414 1634 ἥσθη
433 1572 467 1614 τε
487 1548 657 1635 όπερφοῶς
674 1548 808 1626 καὶτοῖς
826 1574 860 1615 τε
879 1554 1026 1635 πρέσβεσι
1044 1553 1252 1637 προσεφέρετο
1275 1575 1332 1639 φι-

247 1653 380 1730 λοτίμως
401 1640 482 1731 άγαν
498 1651 555 1712 καί
565 1652 821 1733 μεγαλοπρεπῶς.
861 1649 917 1714 καί
934 1659 1000 1724 τοῖς
1020 1647 1220 1736 πεπομφόσιν
1245 1652 1332 1732 αἱμο-

248 1747 334 1833 λόγει
343 1746 479 1832 χάριτας
489 1747 607 1823 πολλάς
622 1752 678 1832 τῆς
692 1750 737 1825 εἰς
755 1743 852 1813 αότόν
868 1750 992 1824 εάνοίας
1005 1752 1061 1812 καί
1073 1743 1173 1815 τάλλα
1190 1774 1232 1832 τε,
1248 1745 1333 1816 iaus

249 1850 392 1929 ἐδέοντο,
407 1846 562 1930 ὑπέσχετο
583 1842 726 1931 ποιήσειν
757 1846 813 1911 καί
834 1841 1006 1934 άφίξεσθαι
1024 1845 1104 1934 πρός
1126 1846 1244 1925 adrosis
1264 1843 1375 1929 άμαιό

248 1941 317 2034 ἦρι.
348 1950 405 2012 νῦν
419 1944 480 2032 γάρ
497 1946 554 2010 osia
572 1939 655 2011 εἶναι
672 1944 780 2034 ῥᾴδιον
792 1955 887 2012 κινεῖν
900 1944 957 2030 τήν
968 1946 1121 2032 στρατιάν
1135 1945 1212 2032 πρός
1230 1944 1332 2024 οὕτως

250 2041 420 2132 ὑπερόριον
437 2047 612 2129 στρατείαν,
635 2038 674 2108 od
691 2042 771 2126 μετά
785 2042 1033 2128 πολόχειμῶνος
1049 2044 1212 2127 ἐσομένου·
1237 2048 1334 2132 (φθι-

250 2145 393 2231 νοπάροσ
414 2143 473 2231 γάρ
497 2140 566 2229 οόρα
586 2142 655 2209 τότε
676 2136 749 2231 dis)
772 2147 902 2221 πίστεως
923 2146 958 2208 δὲ
978 2149 1041 2209 τῶν
1057 2147 1227 2231 εἰρημένων
1241 2148 1334 2211 ἕνεκα

251 2248 307 2313 καί
334 2246 483 2330 Βρουλοῖν
508 2243 564 2308 τόν
589 2241 734 2325 Ἰάκωβον
761 2242 926 2327 παρείχετο
946 2245 1054 2319 αὐτοῖς
1061 2294 1071 2325 ,
1093 2240 1174 2309 ὥστε
1192 2253 1334 2310 συνεῖναι

250 2349 307 2413 τοῦ
336 2344 507 2430 χειμῶνος,
537 2338 571 2418 ὃς
599 2345 662 2408 τάν
690 2342 883 2409 οἰκειοτάτων
909 2335 949 2427 ἦν
977 2337 1080 2433 adad,
1111 2340 1178 2425 ἅμα
1198 2348 1257 2426 μέν
1276 2342 1377 2428 admo

226 2445 334 2532 Βπρός
361 2441 479 2519 adrosis
506 2442 669 2524 eriperetur
699 2437 967 2525 ἐπιδεικνύμενος,
995 2439 1045 2507 ότι
1065 2442 1108 2518 ὥς
1129 2445 1249 2509 οἰκείων
1271 2436 1333 2527 ἧόρ

254 2551 435 2630 προνοοῖτο,
468 2537 537 2621 ἅμα
567 2542 598 2604 δ’
625 2536 658 2603 εἴ
680 2564 711 2604 τι
743 2539 798 2604 καί
825 2536 960 2608 δόσνοαν
980 2540 1026 2607 ἔτι
1046 2540 1249 2607 ὑπολέλειπτο,
1269 2546 1334 2607 τῶν

252 2645 287 2708 έν
308 2637 548 2728 Πελοποννήσῳ,
580 2638 813 2724 προσαξόμενος
841 2642 883 2704 δι’
916 2642 1030 2722 αὐτοῦ,
1066 2636 1147 2706 aiore
1173 2643 1333 2725 μηδεμιάν

252 2735 333 2807 εἶναι
347 2742 535 2824 δυσχέρειαν
546 2740 647 2804 έκεῑσε
666 2742 934 2829 ποτραγενομένιρ,Ι
948 2741 1019 2818 ἀλλ’Ι
1040 2741 1237 2825 ὑπαγάγηται
1256 2737 1334 2806 πάν·

323 2911 348 2964 7.
365 2882 416 2959 τόν
434 2892 490 2959 ld,
507 2893 565 2954 τῶν
583 2893 609 2946 Ρ.
718 2894 757 2946 18.
776 2892 837 2946 τότε
851 2893 911 2947 add
930 2893 966 2945 Μ,
984 2901 1046 2965 post
1066 2897 1228 2967 εἰρημένων.

250 3060 361 3131 miaque
385 3059 420 3112 de
448 3059 544 3112 eodem
562 3065 819 3121 commemorantes,
845 3059 880 3110 ad
901 3075 991 3128 parem
1011 3060 1210 3129 aequalemque
1228 3060 1254 3109 ei
1273 3061 1335 3113 ani·

250 3148 325 3184 mum
352 3131 542 3199 praestandum
569 3138 693 3182 auctores
719 3130 811 3182 luisse.
853 3129 895 3182 ab
913 3130 1010 3181 iisdem
1029 3148 1102 3183 nuno
1119 3148 1230 3200 quoque
1249 3147 1279 3183 se
1298 3130 1335 3182 ad

251 3201 322 3254 hanc
342 3202 507 3269 legationem
532 3201 728 3252 instituendam
753 3206 898 3268 permotos.
939 3200 1101 3252 Potitionem
1125 3208 1213 3252 autern
1232 3201 1334 3270 legatos

252 3288 341 3325 coram
366 3273 545 3340 exposituros.
588 3270 676 3338 Quam
702 3272 725 3322 si
753 3270 909 3338 imperatrix
935 3277 964 3323 et
990 3272 1047 3340 ipre
1074 3274 1263 3340 suffragatione
1284 3286 1335 3323 sua

253 3341 510 3412 comprobaverint,
538 3341 608 3394 nihil
633 3341 844 3407 impediturum,
872 3340 940 3411 quin
966 3344 1106 3409 promissis
1130 3350 1250 3404 stantes,
1282 3340 1335 3393 sub

253 3414 398 3483 imperium
417 3414 566 3464 Romanum
586 3411 746 3463 succedant:
764 3419 869 3463 tanturm
888 3408 921 3461 ad
941 3428 988 3463 eos
1006 3413 1065 3481 ipse
1088 3414 1242 3480 proiectus,
1267 3411 1336 3464 ciri·

251 3491 323 3537 tates
341 3482 458 3551 accipiat
477 3490 505 3532 et
523 3499 577 3534 rem
596 3480 745 3551 publicam,
763 3490 845 3550 prout
863 3482 903 3532 illi
923 3483 1167 3534 commodissimum
1187 3479 1336 3544 videbitur,

253 3553 359 3624 digerat
373 3561 457 3623 atque
475 3554 632 3606 constituat
660 3554 779 3604 Litterae
799 3553 882 3621 igitur
900 3554 1045 3620 separatim
1063 3554 1230 3622 singulorum
1250 3559 1336 3622 atque

253 3625 376 3677 omniurn
398 3624 479 3675 simul
495 3622 548 3676 boo
565 3623 690 3692 exemplo
706 3624 874 3692 conscriptae
892 3631 985 3676 eraut:
1012 3624 1115 3692 quibus
1130 3624 1248 3692 receptis
1275 3638 1335 3675 ma·

253 3713 322 3765 gnus
350 3694 514 3750 domesticus
532 3695 644 3746 mirilico
663 3693 765 3755 laetus,
789 3693 890 3763 legatos
911 3693 1046 3762 exquisite
1067 3710 1098 3745 ac
1118 3694 1263 3765 splendido
1283 3692 1335 3745 ba·

252 3766 318 3820 buit
335 3766 462 3835 egitque,
481 3783 496 3818 a
521 3765 622 3835 quibus
641 3765 715 3815 misai
740 3771 832 3821 eraut.
858 3765 1007 3831 singulares
1030 3766 1129 3832 gratias
1155 3762 1189 3814 de
1214 3762 1335 3816 benero-

253 3837 354 3891 tentia:
373 3846 402 3891 et
416 3853 485 3906 quae
503 3836 650 3906 petebant,
669 3834 761 3887 omnia
780 3850 809 3885 se
827 3834 961 3885 facturum
979 3850 1010 3885 ac
1027 3836 1114 3903 primo
1140 3849 1202 3886 vere
1229 3833 1265 3885 ad
1287 3849 1336 3886 eos

253 3915 397 3963 venturum
418 3905 579 3975 spopondit:
598 3922 671 3958 nune
689 3908 763 3957 enirn
780 3903 872 3956 hieme
896 3913 1061 3974 appetente.
1087 3907 1236 3957 exereitum
1259 3910 1336 3953 trans

253 3978 324 4032 fines
341 3977 421 4031 oduei
438 3975 582 4029 difficulter
602 3993 689 4045 posse.
726 3976 852 4027 Ceterum
870 3974 906 4026 ad
931 3975 1011 4026 fidem
1037 3974 1117 4026 dictis
1145 3970 1337 4026 adstruendam

254 4048 385 4105 Iacobum
404 4048 510 4101 lirulam
535 4047 671 4100 homiuem
695 4063 729 4098 ex
753 4044 858 4098 intimis
885 4045 1066 4098 familiaribus
1091 4046 1147 4097 suis
1174 4043 1268 4106 dedit,
1286 4044 1337 4113 qui

275 4135 305 4172 er
316 4118 426 4172 hiemen
441 4118 514 4188 apud
531 4133 578 4170 eos
596 4116 791 4170 diversaretur:
807 4116 889 4167 simul
906 4116 956 4167 bac
975 4115 1338 4184 rationalestifieans,quam

253 4136 326 4244 dene
345 4189 401 4244 illis
419 4197 540 4259 cuperet,
558 4204 618 4240 cuns
637 4188 692 4240 iam
708 4205 764 4241 non
782 4188 860 4257 quasi
881 4187 1011 4246 externis.
1030 4184 1078 4237 sed
1096 4184 1250 4238 domesticis
1268 4200 1337 4254 pro-

254 4262 388 4331 spiceret,
412 4260 494 4317 simul
520 4259 617 4322 etiam,
641 4260 665 4312 si
695 4256 765 4329 quid
794 4254 868 4327 apud
895 4274 942 4311 sos
964 4257 1141 4311 alienationis
1158 4260 1287 4319 restaret,
1305 4262 1338 4307 rt
