2934 4700
534 337 843 405 PRllEldONl'l’UM.
956 362 961 375 ·
1169 342 1226 403 Vll

146 513 227 618 ipsa
252 509 566 589 desideratissimi
604 514 677 590 viri
712 513 974 592 recordatione
1012 509 1225 589 remedium
1316 586 1326 605 ,

146 627 307 731 aliquod
323 648 362 704 et
375 631 547 706 levamen
568 631 753 736 positum,
778 630 928 733 longius
952 627 1080 733 abripi
1107 646 1224 732 atquc

146 750 197 825 ab
216 777 283 837 eo,
304 750 411 854 quod
435 750 529 827 huic
552 754 740 829 volumini
764 746 928 859 praefari
956 752 1124 843 institui,
1160 750 1225 825 ab·

145 900 304 951 errare·
341 876 490 973 Quare,
523 893 569 952 ut
599 875 648 952 ad
676 877 915 982 propositum
953 903 1014 951 mc
1044 875 1225 967 reseram,
1279 976 1281 979 Ι
1316 876 1317 879 ’

146 992 400 1073 indicandum
426 1016 501 1087 est,
532 997 699 1075 eiusdem
725 997 927 1107 Niebubrii
968 998 1152 1077 beneficio
1187 1017 1227 1079 et

146 1118 387 1211 incredibili,
403 1146 484 1222 quo
509 1122 623 1198 totius
638 1122 835 1226 byzantini
857 1120 1036 1227 operiset
1059 1121 1225 1198 utilitati

145 1263 185 1320 et
198 1241 325 1320 decori
343 1246 553 1350 prospexit,
566 1243 692 1322 studio
708 1245 890 1322 effectum
905 1244 945 1320 id
965 1271 1121 1349 quoque
1139 1272 1225 1338 esse,

144 1386 211 1457 ut,
232 1394 322 1444 cum
350 1387 462 1446 antea
491 1371 742 1447 Cantacuzeni
773 1389 895 1447 textus
917 1371 1034 1448 tinius
1073 1389 1226 1446 tantum

144 1492 307 1568 Parisini
323 1492 463 1570 codicis
480 1495 707 1573 auctoritate
729 1495 934 1588 niteretur,
962 1523 1105 1572 novum
1123 1495 1223 1582 iam,

146 1613 263 1718 idque
287 1614 397 1693 valde
421 1621 596 1709 anobis,
621 1646 710 1696 cum
733 1616 919 1726 primum
937 1622 1117 1696 volumen
1140 1616 1226 1691 ede-

142 1738 295 1831 bamus,
321 1743 551 1848 expetitum,
586 1742 642 1818 rei
674 1743 829 1819 criticae
865 1744 1099 1850 praesidium
1135 1769 1225 1847 sup-

138 1883 302 1967 peteret,
320 1864 429 1939 cuius
439 1890 510 1969 ope
525 1862 740 1942 emendatio
754 1864 871 1940 huius
884 1865 1077 1971 scriptoris
1091 1850 1223 1973 paulli]

142 1986 284 2063 certius
316 1987 465 2065 institui
502 1982 633 2093 posse‘t.
693 1990 948 2091 Cognoveram
981 1991 1169 2066 nimirum
1201 2014 1224 2064 c

13 2198 15 2211 ,
59 2088 70 2109 ’
142 2135 302 2186 censura
323 2112 416 2187 tomi
431 2112 563 2216 primi,
589 2140 611 2188 a
636 2114 835 2220 Spengelio
860 2117 907 2188 V.
928 2114 975 2188 D.
992 2115 1035 2189 in
1050 2112 1224 2191 Seebodii

13 2216 15 2339 ἰ
142 2234 243 2309 Bibl.
259 2236 352 2311 Crit.
369 2263 401 2309 a.
425 2239 526 2336 1829.
543 2263 651 2312 num.
671 2242 817 2341 87.sqq.
835 2236 960 2328 lacta,
979 2238 1155 2312 asservari
1181 2237 1224 2315 in

13 2453 15 2476 Ι
139 2361 360 2436 Monacensi
386 2359 616 2439 bibliotheca
641 2360 810 2438 codicem
845 2363 958 2448 illum
987 2362 1226 2450 bavaricam,

13 2497 15 2560 i
139 2484 248 2559 unde
272 2488 467 2560 Pontanus
491 2488 798 2563 Cantacuzenum
822 2487 971 2588 aliquot
995 2485 1108 2560 annis
1137 2503 1226 2560 ante

141 2610 263 2687 latine
285 2607 426 2696 edidit,
452 2638 570 2715 qnam
590 2635 721 2713 graeca
744 2609 956 2685 eParisino
983 2607 1114 2684 codice
1139 2636 1225 2713 pro·

141 2733 281 2811 dircnt
333 2740 508 2839 Cumque
531 2733 705 2822 lectionis
727 2732 953 2838 specimina,
981 2729 1071 2805 inde
1097 2749 1225 2805 enota-

93 2959 97 2964 ,
142 2879 202 2951 ta,
226 2863 315 2938 satis
330 2857 592 2947 ostenderent,
609 2884 688 2933 non
707 2855 886 2931 inutilem
906 2855 987 2931 eius
1001 2853 1223 2930 conferendi

140 2985 311 3060 laborem
327 2983 429 3069 fore,
453 2982 566 3058 facile
579 2978 850 3057 Niebuhriusa
867 2977 1096 3053 liberalitate
1113 2977 1225 3052 Lich-

141 3108 372 3200 teuthaleri,
418 3105 491 3181 viri
527 3102 814 3193 humanissimi,
856 3102 926 3204 qui
969 3099 1223 3175 bibliothecae

138 3233 359 3308 Monacensi
382 3248 549 3337 praeest,
576 3226 811 3332 impetravit,
833 3243 879 3301 ut
906 3225 1006 3300 liber
1029 3222 1107 3299 huc
1135 3221 1223 3299 mit·

142 3374 298 3433 teretur.
346 3360 413 3432 Eat
436 3374 565 3431 autem
592 3352 709 3430 codex
739 3352 879 3428 saeculi
910 3352 1031 3441 XVI„
1065 3346 1222 3424 charta·

140 3503 247 3568 oeus,
264 3476 386 3553 forma
403 3476 586 3567 maxima,
602 3475 703 3550 foliis
722 3477 805 3550 606.
825 3492 1016 3563 constans,
1031 3473 1221 3580 scriptura

60 3691 70 3706 ,
143 3598 380 3676 nitidissima.
429 3603 477 3676 In
500 3597 671 3702 margine
695 3596 849 3672 exbibet
870 3597 1081 3673 lectionum
1103 3597 1221 3672 varie·

141 3742 259 3800 tatem
285 3727 372 3800 satis
399 3726 587 3830 amplam,
613 3723 723 3799 cuius
747 3724 858 3825 longe
879 3722 1042 3800 maxima
1064 3748 1152 3826 pars
1173 3746 1220 3795 ex

137 3849 270 3927 codice
297 3849 501 3925 vetustiore
540 3847 765 3952 deprompta
797 3864 879 3940 est3
910 3843 1099 3948 quaedam
1139 3871 1220 3919 cor-

137 3974 297 4050 rectoris
330 3972 483 4076 ingenio
517 3971 717 4047 debentur.
766 3968 1063 4072 Diligentissime
1098 3969 1220 4071 igitur

138 4096 247 4173 hunc
272 4095 440 4194 librum,
465 4123 581 4201 quem
595 4099 860 4173 Monacensem
878 4092 1026 4176 vocavi,
1043 4118 1131 4166 cum
1151 4095 1219 4166 Pa·

138 4224 256 4300 risina
288 4220 457 4302 editione
484 4221 655 4318 contuli,
687 4220 757 4325 qui
785 4239 977 4323 quantum
1008 4215 1105 4291 mihi
1129 4240 1217 4321 pro-
