2934 4700
489 335 773 403 nrsrounnnn
803 342 858 403 nr.
880 337 932 407 oo.
1171 337 1255 424 219

176 485 344 575 όρρωδιόν,
365 481 426 549 riuti
449 491 713 575 Καντακουζηνοῧ
734 490 794 555 rori
807 491 961 572 βασιλέως
981 486 1155 571 ἐθελήσωσι
1173 490 1324 569 prii-Ml.
1338 497 1403 569 rila

177 593 229 653 λον
251 579 411 669 εἴργεσθαι
434 583 454 671 ἢ
474 587 605 652 ἐκείνου.
624 590 694 652 ἕπετ’
714 592 751 654 δὲ
773 586 953 669 ἀξιώματός
974 612 1009 651 τε
1028 586 1169 669 μείζονος
1183 588 1286 652 ἐπε-ὓ

177 682 289 767 λάβετο
311 685 368 749 καί
386 686 441 750 τόν
460 686 592 771 πόλεμον
613 682 694 752 εἶδεν
715 689 894 772 αόξηδδντα
915 689 969 752 ἐπί
988 688 1079 769 μέγα,
1105 682 1141 748 τό
1160 707 1257 770 ιιροσ-

176 795 290 850 ωπεῖον
313 787 524 867 ἀποθέμενος,
558 784 656 864 αὐτὸς
693 786 796 852 πάντα
818 780 857 871 ἤν
876 786 932 850 καί
952 785 1079 849 πάντων
1101 777 1181 868 ἦρχε
1201 785 1258 847 καί

156 883 327 966 ὀμειζόνων
351 884 406 948 κατ’
424 878 605 957 ἐλαττόνων.
648 890 685 951 αἳ
702 911 737 951 τε
756 886 815 971 γάρ
836 886 899 950 ταῖν
916 884 1089 969 χρημάτων
1108 880 1258 968 πρόσοδοι

177 988 239 1049 τάν
260 987 372 1047 κοινάν
393 982 445 1046 δυ’
460 986 578 1049 ἐκείνου
594 987 761 1074 διῳκοῦντο
776 985 832 1048 καί
844 980 965 1048 πόλεων
979 983 1080 1067 α’ρχαδ
1091 981 1147 1046 καί
1159 1007 1257 1068 στρα-

174 1087 298 1167 τηγίαι,
329 1073 375 1159 οἷς
395 1080 489 1158 aitte
509 1085 667 1164 ἐκέλευεν,
701 1082 840 1149 ἐδίδοντο
860 1082 916 1147 καί
933 1073 971 1145 εὖ
990 1089 1088 1146 ποιεῖν
1108 1079 1164 1145 καί
1180 1076 1257 1145 rori-

175 1184 300 1247 rorrr'or
318 1180 427 1268 κύριος
447 1174 502 1266 ἦν·
537 1186 592 1249 καί
617 1182 713 1250 πάνθ’
739 1181 856 1265 δμοίως
883 1181 963 1267 πρός
992 1175 1256 1264 Καντακοοζηνόν

174 1278 231 1347 τόν
249 1287 398 1363 βασιλέα,
426 1284 486 1359 ἕως
512 1280 557 1348 ἔτι
574 1286 674 1367 μέγας
696 1276 733 1368 ἦν
753 1286 949 1365 δομέστικος,
980 1279 1132 1365 ἡμιλλᾶτο
1153 1276 1256 1347 πάντα

138 1380 360 1450 τούπ’ὲκείνου
381 1374 516 1465 άγεσδαι
535 1381 733 1466 βουλόμενος.
753 1379 890 1449 συνιδών
910 1383 955 1462 δὲ,
975 1380 1017 1456 ὥς
1031 1375 1174 1464 ἐπαχθεὶς
1189 1389 1256 1455 τοῖς

176 1481 399 1565 εὐγενεστέροις
418 1478 435 1565 ἦ
460 1483 579 1546 ἐκείνου
604 1480 710 1547 ἔσεται
734 1480 842 1566 α’ρχῆ,
874 1478 930 1545 καί
949 1480 1064 1560 δειλιας,
1083 1474 1128 1563 μή
1147 1503 1178 1543 τι
1199 1477 1251 1542 διό

177 1575 293 1665 ταότῳν
314 1580 365 1643 ὑπ’
387 1581 513 1644 ἐκείνων
536 1583 768 1669 ἐπιβουλευθῇ,
787 1578 865 1664 ἔγνω
887 1582 952 1644 δεῖν
971 1577 1087 1654 πάντας
1107 1578 1255 1664 tropaei-

175 1702 260 1765 ρειν,
281 1677 338 1760 ιδς,
360 1680 391 1744 εἰ
408 1682 464 1764 τῆς
495 1677 620 1767 ῳαόλῳς
639 1679 737 1766 τόχρς
761 1678 984 1766 δπολειῳθιΐεν
1002 1675 1107 1761 μόνοι,
1140 1675 1351 1766 ῥρδιωςΡ.468
1423 1761 1428 1772 .

173 1779 261 1865 αότῳῖ
290 1777 370 1864 πρός
396 1774 480 1842 άααν
510 1778 641 1859 εἴξαντες
669 1778 703 1845 τό
727 1775 992 1865 προσταττόμενον
1028 1779 1086 1842 ουίι
1119 1774 1258 1863 ἀνοήτως

136 1881 304 1963 ι5οίρδείς.
346 1876 404 1942 καί
431 1879 553 1963 πρῶτον
580 1880 640 1962 μὲν
668 1879 730 1943 rino*
753 1882 908 1945 τῶνκαθ’
929 1871 1007 1960 αἷμα
1040 1880 1257 1965 προσηκόντων

172 1980 227 2041 καί
244 1974 385 2060 μάλιστα
404 1982 539 2063 γνησίων
556 1970 666 2064 ἤρχετο
681 1980 932 2066 Καντακουζηνῷ
953 1981 997 2065 τῳ
1015 1983 1144 2061 βασιλεῖ
1149 2027 1159 2062 ,
1181 1973 1258 2062 iiiuc

169 2100 206 2141 τε
238 2077 383 2161 εόπορῶν
410 2074 490 2161 πρός
518 2076 573 2154 τός
597 2076 750 2160 διαβολάς
778 2077 914 2144 καὶτῶν
936 2071 1039 2141 ἄλλων
1066 2082 1187 2159 μᾶλλον
1213 2076 1257 2153 ὥς

171 2174 407 2261 δυνατωτέρους
428 2175 583 2253 δεδοικώς.
626 2174 732 2241 ἔπειτα
755 2178 789 2240 δὲ
818 2176 873 2241 eoi
898 2173 971 2252 τοός
1003 2169 1118 2251 ἄλλους
1145 2176 1355 2262 &orbiti-277

169 2278 330 2360 μετῆλθε,
351 2273 484 2360 μηδενός
505 2276 714 2363 φεισάμενος,
734 2274 770 2340 τό
790 2277 892 2340 δοκεῖν
910 2276 989 2363 μὲν,
1011 2269 1061 2338 ότι
1081 2273 1181 2366 ψήφῳ
1200 2278 1257 2360 τῆς

130 2371 346 2458 αοσυγκλῆτου
366 2377 484 2458 βουλῆς
502 2380 558 2440 καί
575 2379 740 2459 βασιλιδος
760 2373 816 2441 καί
825 2374 966 2458 μάλιστα
983 2371 1184 2460 πατριάρχου
1197 2372 1257 2452 τὰς

169 2472 344 2557 τιμωρίας,
375 2467 421 2550 οἷς
450 2470 490 2540 όν
520 2473 719 2560 ἐθελήσειεν,
749 2472 889 2560 ἐπάγων,
920 2477 960 2563 τῇ
983 2478 1011 2539 δ
1032 2474 1183 2564 α’λιγδοίῳ,
1213 2470 1254 2538 τό

171 2574 323 2638 δοκοῦντα
344 2568 449 2663 ἑαυτῷ
471 2580 578 2639 ποιῶν.
620 2573 676 2661 τήν
697 2577 732 2640 δὲ
753 2576 908 2658 βασιλέως
921 2577 1047 2661 ’μητέρα
1069 2572 1283 2639 Καντακου-Β

173 2673 286 2754 ζηνοῦ,
307 2674 362 2737 καί
379 2675 530 2759 πρότερον
551 2675 585 2740 ἐν
607 2676 806 2762 δεσμωτηρίῳ
819 2673 1141 2757 κατακεκλεισμένῳ,
1172 2674 1254 2754 μάλ-

170 2775 226 2836 λον
245 2769 374 2838 ἐκάκσυν
394 2774 567 2860 ἐξεπίτηδες
586 2776 643 2839 καί
674 2774 768 2838 ου’δὲν
787 2768 870 2850 εἶδος
889 2770 987 2859 liupr
1014 2766 1166 2837 α’πέλιπον
1186 2774 1252 2837 ἐπι·

168 3008 351 3075 olfacientes,
381 3010 580 3077 Canuonzeni,
609 3029 691 3085 quam
713 3013 798 3083 lpaiua
824 3013 968 3082 imperinm
994 3010 1124 3074 mallent,
1153 3009 1202 3062 ubl
1224 3016 1253 3063 et

165 3081 277 3150 gradum
296 3083 515 3137 excellentiorem
539 3091 581 3135 ert
598 3094 759 3136 eonaecntua
787 3090 816 3138 et
840 3082 944 3136 bellurn
968 3080 996 3132 in
1025 3082 1113 3133 rnaiua
1143 3089 1252 3133 anetum

165 3151 251 3215 vidit,
270 3154 343 3205 larva
361 3153 502 3220 deposita,
528 3154 616 3207 lactua
635 3163 679 3207 eat
694 3156 786 3207 omnia
803 3155 937 3204 maiorum
960 3167 992 3203 nc
1012 3153 1087 3203 iuxta
1104 3167 1135 3203 ac
1159 3152 1252 3202 mino-

165 3239 225 3274 rum
259 3241 347 3276 rerum
373 3224 516 3276 arbitrium
543 3225 731 3297 ditionemque
756 3225 902 3293 usurparit.
974 3238 1016 3273 om
1045 3231 1074 3274 et
1098 3222 1252 3274 eommunia

164 3294 309 3360 vectigalia
330 3293 414 3345 abeo
435 3293 652 3362 procurabantur
669 3304 697 3347 et
713 3294 843 3365 praelecti
861 3310 893 3346 ac
913 3293 995 3346 (lueet
1014 3291 1123 3343 urbium
1142 3308 1175 3342 ex
1192 3292 1252 3344 einr

164 3364 307 3416 voluntate
327 3365 504 3431 creabantur3
533 3365 660 3434 beneque
679 3374 708 3418 et
733 3364 912 3417 malefacere
932 3364 961 3416 in
984 3363 1060 3415 illine
1077 3380 1159 3414 manu
1178 3371 1251 3429 στοις

164 3448 196 3482 ao
213 3450 262 3502 per
279 3436 371 3485 omnia
387 3435 526 3487 nitebatur
543 3437 640 3488 similit
659 3453 717 3488 esse
730 3434 917 3489 Cautaeuzeno
935 3435 1025 3487 adhuc
1041 3450 1137 3506 magno
1156 3432 1252 3485 dome·

163 3503 249 3559 rtico.
272 3504 345 3556 nihil
362 3520 419 3554 non
437 3521 452 3554 a
471 3521 500 3557 ae
521 3506 576 3576 regi
596 3516 679 3575 atque
697 3506 882 3561 administrari
901 3505 1068 3558 desiderans.
1104 3502 1158 3557 Sed
1177 3504 1250 3556 enim

161 3575 340 3644 perspiciens,
359 3576 472 3646 imperio
495 3593 544 3628 aua
562 3575 747 3629 nobilioribus
765 3576 915 3630 iniucunda
941 3584 970 3629 et
987 3590 1099 3628 onerosa
1117 3576 1192 3636 lore,
1210 3574 1251 3626 ti-

162 3660 314 3714 meurque,
343 3661 378 3697 ne
398 3645 466 3713 quin
485 3645 586 3701 idcireo
605 3648 765 3701 lucidiorum
786 3648 840 3700 tibi
859 3654 1015 3717 pararetur,
1040 3645 1162 3698 omnium
1186 3660 1249 3713 per-

161 3713 315 3768 dundorurn
334 3717 477 3769 consilium
497 3718 582 3786 cepit,
608 3727 639 3770 ut
664 3716 783 3771 bumiler
801 3720 853 3770 ooli
873 3717 979 3780 relicti,
1007 3716 1164 3769 auctoritati
1182 3731 1247 3768 anae

161 3785 191 3837 in
211 3785 339 3839 omnibus
357 3787 519 3856 propensius
538 3795 674 3857 parerent.
711 3790 843 3842 Necerut
860 3791 942 3840 atnlta
962 3788 1099 3853 cogitatio.
1134 3786 1173 3837 Ao
1190 3786 1246 3838 loi-

160 3855 229 3906 tium
250 3857 361 3927 quidem
386 3874 401 3909 a
426 3857 607 3911 Cantocuzeni
633 3860 842 3929 consanguineis
869 3866 898 3910 et
921 3858 1014 3910 amicis
1038 3854 1247 3927 germaniraimlt

160 3924 257 3978 duxit:
277 3944 337 3979 curu
356 3936 385 3978 et
400 3928 512 3979 materia
533 3928 567 3979 ad
587 3929 808 3982 calumniandum
825 3926 979 3981 abundaret
999 3933 1028 3979 et
1051 3945 1097 3979 eor
1119 3935 1150 3979 ut
1173 3940 1247 3994 opu-

159 3995 291 4049 lentiores
316 3998 432 4068 ampliua
463 4008 605 4052 metueret.
636 4000 750 4053 ,Deinde
777 4002 845 4053 alior
876 3998 973 4051 ordine
1000 4013 1151 4065 eggretwh
1173 3995 1245 4046 num

160 4071 297 4136 pepercit:
317 4069 409 4138 specie
427 4069 555 4136 quidem,
573 4072 648 4139 quari
668 4072 847 4141 imperatricis
866 4077 895 4121 et
912 4068 1074 4135 optimatum
1092 4067 1150 4119 eiua
1163 4080 1245 4134 prae·

160 4137 307 4210 tertimque
323 4138 492 4208 patriarchae
510 4138 636 4201 decreto,
656 4158 778 4209 poenas,
796 4139 897 4213 quibua
918 4138 961 4191 illi
981 4140 1091 4202 vellent,
1115 4134 1243 4202 inferret3

159 4222 188 4259 re
205 4216 298 4261 autem
316 4212 375 4279 ipra
395 4209 507 4262 lrbulrnr
526 4227 589 4262 errae
613 4211 768 4270 obaecntua.
803 4211 986 4265 Cantacuaeoi
1012 4216 1100 4261 autem
1129 4213 1243 4257 matrem

157 4276 211 4333 iam
231 4289 295 4334 ante
319 4280 349 4336 ln
370 4295 504 4337 carcerem
526 4278 663 4337 eonditum
688 4282 721 4337 de
748 4282 883 4341 induetur
907 4296 1004 4339 rexere
1029 4273 1162 4343 inorbrt,
1189 4292 1242 4331 neo
