2934 4700
484 317 915 390 uismuisuuurui
1196 289 1244 376 ¹3

147 482 224 551 ταῖς
234 467 364 553 άκσαῖξ,
386 471 514 539 τοῖαῦτα
528 473 583 539 καί
594 479 662 548 τοῖς
673 474 839 555 μετέπειτα
852 472 1008 550 έζέδωκαν
1020 472 1120 554 μηδὲν
1133 464 1262 556 ppos-A·
1271 467 1301 523 C·
1312 466 1375 539 ¹³5¹

147 577 293 650 τῖσιατες
310 574 367 658 τῆς
386 572 548 658 α’ληδειας.
591 567 615 657 ἢ
633 572 665 638 εἰ
685 574 742 635 κατ’
759 565 1033 655 συνεστρατεύοντο
1053 577 1119 644 τοῖς
1136 573 1233 651 βασι-

149 675 258 738 λτάσιν
283 668 462 756 ἑκατέροις,
497 671 564 737 ἀλλ’
592 665 628 736 ori
649 667 750 756 δήπου
771 692 807 753 γε
824 674 942 752 βουλῆς
959 677 1127 751 μετεῖχον,
1155 669 1233 734 aaut

147 772 213 837 reis
226 769 490 856 άπορρητοτέρων
509 763 593 856 ἦσαν
605 769 765 847 κοινωνοὶ,
807 760 910 845 άλλως
931 790 964 833 τε
988 768 1058 832 τάδ’
1081 768 1133 852 ἐφ’
1147 762 1232 833 άπα·

126 872 184 938 6ου
204 870 358 956 παρόντες
377 876 443 945 τοῖς
462 873 699 954 τραπομένοις,
721 869 872 952 συνεχοῦς
892 866 946 931 κατ’
957 871 1166 951 πολυχρονίου
1180 889 1233 948 γε·

147 971 320 1054 γενημένσυ
365 970 421 1034 τοῦ
446 971 604 1050 πολέμου·
658 966 715 1032 ἐπὶ
739 970 828 1033 πέντε
856 963 917 1053 γάρ
945 963 1029 1031 ἔτεσι
1052 963 1230 1052 διήρκεσεν·

148 1068 226 1151 ἐμοὶ
242 1069 281 1157 ’δέ
300 1061 454 1151 οάδεμίαν
472 1065 542 1133 τινά
564 1064 711 1152 τοιαύτην
730 1064 799 1150 ἔχοι
819 1090 868 1142 τις
880 1058 920 1131 tis
932 1063 1103 1150 ἐπενεγκεῖν
1116 1065 1268 1130 as'ss'as.¹’·
1286 1064 1337 1135 ³49

148 1175 218 1242 τοῖς
236 1165 298 1251 γάρ
319 1170 386 1232 τῶν
408 1168 630 1252 πραττομένων
650 1164 839 1251 αάτουργοῐς
858 1163 1032 1250 συμπαρών
1053 1162 1166 1244 critic,
1188 1162 1227 1228 τά

150 1269 211 1348 μὲν
232 1260 304 1331 nicias
323 1268 402 1351 παρ’
427 1267 588 1348 ἐμαυτοῦ,
630 1267 692 1331 τῶν
713 1266 750 1330 δέ
768 1265 886 1349 άκριβῆ
905 1261 964 1348 την
985 1266 1099 1347 γνοῦσιν
1120 1260 1233 1347 ἔσχον,

109 1366 261 1430 τοαάτῶν
289 1362 542 1448 ἀπαγγειλάντων
571 1367 638 1430 τοῖν
660 1360 864 1448 πραξάντων,
893 1362 948 1427 διά
977 1360 1012 1427 τά
1045 1360 1163 1439 πολλάς
1181 1362 1237 1426 κατ’

151 1473 295 1548 συνεχεῖς
324 1466 376 1550 ἐφ’
396 1458 521 1529 ἅπαντα
547 1461 604 1528 τὸν
624 1467 680 1528 τοῦ
699 1465 837 1545 πολέμου
856 1458 970 1549 χρόνον
984 1461 1040 1539 τάς
1058 1459 1236 1545 μεταβολάς

152 1559 437 1648 άπομεμενηκάναι·
489 1556 570 1627 άστε
591 1564 675 1638 εῖκὸς
698 1562 745 1648 μὴ
775 1565 836 1627 τῶν
865 1563 1087 1645 τραπομένων
1118 1559 1233 1642 μόνον,

151 1660 233 1726 dett
258 1664 315 1726 καί
331 1662 555 1744 βουλευμάτων
576 1658 765 1748 ἀπορρήτων
784 1659 841 1726 καὶ
858 1658 960 1726 δόλων
979 1662 1034 1725 καί
1060 1661 1235 1741 ἐπιβουλῶν

152 1764 208 1825 κατ’
235 1754 316 1836 ὅλως
346 1759 473 1826 πάντων
511 1760 566 1826 κατ’
592 1765 656 1827 τῶν
689 1764 914 1846 πραττομένων
933 1763 1079 1846 φανεράς
1098 1760 1155 1824 καῖ
1172 1761 1234 1825 τοῖν

108 1861 284 1945 ιόάφανῶς
314 1860 633 1942 κατασκευαζομένων
675 1858 798 1944 άγνοεῖν
836 1862 946 1945 μηδέν.
1003 1861 1042 1924 οδ
1071 1857 1135 1943 μην
1166 1858 1236 1923 ἀλλ’

150 1954 229 2043 άπερ
255 1954 334 2045 ἔφην
355 1961 509 2045 ἐξαρχῆς,
541 1960 615 2024 οὐδὲ
635 1962 693 2043 τῆς
715 1955 867 2045 tilpino:
889 1957 1106 2045 προστήσομαι
1126 1958 1234 2024 motu·

149 2058 220 2123 ἄλλ’
242 2057 287 2135 aig
307 2056 389 2123 ου’τά
411 2056 506 2141 ἔσχον
526 2056 565 2123 τά
586 2057 753 2144 πράγματα
771 2061 953 2143 ἀπαγγελῶ,
981 2057 1063 2145 πλὴν
1083 2060 1113 2125 εἰ
1129 2056 1237 2145 μήπου

149 2182 180 2223 τι
195 2153 376 2241 παρήσομαι
395 2151 475 2222 ἑκών
493 2159 558 2223 τοῦν
578 2153 640 2222 ὅσα
662 2162 728 2223 tros*
747 2160 909 2243 λοιδορίαν
928 2153 1089 2243 ἢμέμιμιν
1102 2160 1255 2243 eloqui-B

149 2280 192 2320 να
214 2251 390 2341 ε’μτιοιησει.
436 2256 475 2320 osi
495 2254 557 2342 γάρ
587 2258 658 2338 ἐμοι1
682 2261 776 2343 psius
795 2253 831 2320 τό
851 2279 938 2331 τινας
958 2266 1157 2341 κακηγορεῖν,
1180 2253 1334 2336 ascivisti

106 2359 184 2421 10τί
202 2355 313 2431 πάντες
332 2358 440 2421 εἰδεῖεν
463 2348 640 2443 ἅνθρωποι.
684 2351 721 2442 ἢν
743 2356 779 2423 δέ
799 2355 860 2421 noti
881 2381 908 2422 τι
928 2360 1093 2442 φαίνωμαι
1112 2356 1236 2441 διηγοά-
1326 2369 1329 2374 ’

150 2479 245 2538 μενος
259 2451 305 2539 μη
335 2455 379 2532 τάς
398 2454 583 2535 δοξάζουσιν
602 2455 631 2521 oi
651 2456 780 2538 πολλοὶ,
813 2457 854 2520 ου’
871 2452 936 2541 χρὴ
957 2455 1147 2536 θαυμάζειν.
1197 2455 1235 2519 ori

150 2552 212 2640 γάρ
236 2551 274 2619 τά
292 2552 339 2638 μή
360 2549 463 2620 rusiaci
476 2564 541 2631 τοῖς
560 2562 685 2633 πολλοῖς
704 2558 902 2643 φθέγγεσθαι
924 2555 1066 2641 φεύγων,
1091 2561 1236 2639 λογοποι-

150 2651 220 2740 sinna
238 2680 277 2720 τα
296 2651 342 2739 μὴ
362 2648 456 2737 ὄντα,
500 2656 568 2720 ἀλλ’
588 2656 633 2732 οἷς
652 2653 764 2741 ἔχουσι
781 2653 819 2721 τά
834 2656 1003 2741 πράγματα
1021 2656 1232 2741 ἀπαγγέλλων,

153 2838 217 2891 dam
240 2841 389 2904 lactarunt,
420 2843 556 2911 persecuti
580 2850 657 2895 aunt:
693 2842 820 2913 nihilque
848 2859 938 2895 rerum
961 2827 1095 2914 geitamm
1124 2842 1233 2915 liquido

152 2919 321 2981 compertum
343 2910 493 2975 habentes,
525 2913 618 2984 qualia
642 2913 754 2967 auribus
780 2921 954 2982 acceperant,
994 2913 1060 2965 talia
1092 2915 1169 2966 nullo
1197 2913 1233 2964 ael

151 2983 294 3033 veritatem
327 2989 450 3051 respectu
477 2983 593 3051 posteris
619 2982 808 3037 tradiderunt:
842 2993 890 3036 aut
912 2986 935 3035 si
961 2983 1043 3035 etiam
1060 2983 1112 3034 sub
1131 2987 1233 3037 utrovis

151 3051 350 3120 imperatorum
373 3052 539 3116 militarent,
563 3049 619 3107 nori
646 3057 743 3122 utique
770 3054 946 3106 consiliorum
969 3054 1116 3124 participes
1142 3068 1233 3121 neque

150 3129 310 3174 arcanorum
329 3122 430 3174 conscii
450 3124 570 3176 suerunt.
615 3122 722 3176 Deinde
748 3140 798 3175 uec
822 3124 949 3175 omnibus
975 3139 1064 3175 coram
1088 3125 1233 3184 alluerant,

152 3207 213 3243 cum
234 3193 407 3245 contineater
421 3202 450 3244 et
468 3192 532 3256 diu,
566 3209 666 3263 nempe
684 3204 772 3247 lotum
791 3194 1023 3266 quinquennium,
1052 3208 1125 3245 arma
1152 3193 1234 3244 dura·

151 3264 249 3316 veriat
283 3262 353 3314 Mihi
371 3278 435 3315 vero
454 3263 611 3316 huiusmodi
636 3267 743 3333 cuipam
763 3266 881 3335 aliquam
903 3279 983 3316 nemo
1002 3264 1142 3317 obiecerit
1163 3262 1232 3316 Nam

150 3335 206 3396 lis,
232 3332 281 3405 qui
299 3350 331 3384 ea
348 3332 489 3395 fecerunt,
516 3351 566 3403 ego
583 3351 723 3404 praesens,
751 3336 806 3387 alia
823 3351 873 3404 per
891 3351 935 3386 nae
955 3337 1042 3404 ipsum
1066 3336 1146 3395 novi,
1176 3336 1233 3385 alia

106 3456 119 3474 ·
151 3420 187 3454 ex
204 3420 252 3455 ore
277 3405 414 3471 ipsorum,
439 3403 576 3473 aquibus
600 3412 658 3455 acta
678 3413 756 3468 sunt,
782 3404 816 3457 ad
845 3422 961 3473 unguem
982 3404 1074 3458 didici.
1109 3404 1145 3455 Et
1170 3422 1232 3457 cum

149 3471 307 3543 frequentes
326 3473 551 3545 continentesque
571 3483 630 3526 toto
649 3491 681 3529 eo
699 3484 821 3546 tempore
840 3478 1007 3527 mutationes
1023 3476 1141 3536 luerint,
1158 3475 1232 3527 veri-

149 3543 242 3597 simile
261 3551 318 3604 est,
345 3560 402 3597 non
419 3551 554 3613 gestorum
573 3545 670 3607 modo,
698 3547 746 3598 sed
767 3554 796 3598 et
812 3546 999 3598 consultorum
1025 3562 1182 3599 areanorum
1202 3554 1232 3599 et

148 3613 277 3667 fraudum
300 3613 517 3686 insidiarumque
540 3624 568 3667 et
593 3632 700 3683 prorsus
726 3616 862 3678 omnium,
896 3632 1021 3688 quaeque
1047 3618 1137 3685 palam
1168 3625 1230 3669 acta

149 3700 277 3757 quaeque
303 3683 409 3737 occulte
435 3695 587 3753 comparata
615 3695 696 3751 sunt,
733 3685 805 3737 nihil
830 3700 873 3736 me
902 3686 1002 3755 iugera.
1035 3688 1228 3738 Verumtamen

148 3754 226 3827 quod
245 3758 275 3806 in
293 3753 429 3807 vestibulo
441 3759 532 3824 operis
550 3755 603 3808 mei
621 3771 680 3807 sum
698 3758 847 3825 pollicitus,
862 3758 969 3809 veritati
981 3756 1053 3808 nihil
1069 3758 1231 3809 anteferam:

95 3860 104 3870 -
147 3825 198 3876 sed
217 3832 248 3875 ut
263 3841 306 3876 res
322 3834 490 3888 evenerunt,
509 3828 547 3877 ita
566 3841 611 3877 eas
628 3826 791 3897 explanabo,
815 3835 928 3895 excepto
953 3827 1026 3898 quod
1043 3827 1145 3878 alicubi
1163 3845 1231 3896 pru-

148 3895 217 3945 riens
235 3894 411 3963 praeteribo,
429 3912 499 3978 quiae
516 3895 657 3949 nonnullis
674 3897 796 3949 convicio
815 3905 864 3948 aut
879 3897 1074 3965 vituperationi
1092 3915 1150 3949 esse
1169 3915 1232 3966 pos-

147 3966 219 4018 sint:
247 3981 302 4017 uon
320 3967 394 4020 enlm
412 3966 481 4018 maht
499 3968 615 4020 amicum
633 3974 675 4020 est
691 3969 819 4038 cuiquam
839 3968 1000 4030 conviciari,
1025 3967 1132 4020 etiamsi
1156 3984 1232 4018 mor-

148 4036 246 4088 talium
265 4052 346 4087 nrmo
374 4052 430 4087 rem
456 4039 568 4103 ignoret.
605 4035 710 4104 Quodsi
736 4036 873 4094 interdum
897 4038 1029 4107 quaedam
1056 4056 1133 4090 secus
1150 4056 1231 4107 quasa

148 4107 229 4158 mariti
243 4108 392 4176 opinantur
401 4106 516 4158 videbor
533 4121 680 4177 exponere,
698 4123 733 4160 ne
748 4109 784 4159 sit
801 4108 907 4159 mirum.
926 4107 988 4161 Nou
1006 4109 1079 4159 enlm
1097 4108 1159 4159 dnm
1174 4108 1230 4159 vito

149 4177 244 4229 eadem
264 4193 327 4229 enm
344 4176 564 4240 multiscium,
582 4176 873 4232 aovacomminiacac:
896 4177 944 4229 sed
964 4195 1006 4230 res
1025 4186 1056 4227 ut
1076 4195 1105 4230 se
1128 4177 1232 4229 habent

148 4263 381 4312 commemorans,
411 4247 485 4319 salpi
510 4250 656 4320 opiniones
677 4257 711 4304 ut
739 4248 822 4303 falsas
850 4247 940 4303 valere
968 4248 1080 4303 iubebo.
1121 4248 1231 4302 uersae
