2934 4700
227 318 308 373 ιιι
617 310 897 380 multumt

77 468 333 542 ati-stlae’res‘vos
348 466 384 531 δδ
405 462 556 551 δρῶντες,
589 463 634 540 nie
655 469 775 547 μᾶλλον
802 466 911 540 αυτοῖς
940 464 1077 549 αἱρετέοις
1106 466 1190 531 ἐστίν
1210 460 1228 527 ὅ
1245 465 1307 528 πό-

222 570 334 646 λεμος,
370 558 392 648 ή
416 565 436 648 ἡ
464 560 590 648 εἰρήνη,
619 562 701 645 μετὰ
731 562 767 629 τὰ
788 560 888 627 πολλὰ
910 564 1062 648 δεηθῆναι
1082 567 1157 646 περί
1189 565 1305 647 αὐτῆς,

223 666 295 727 ἐπεί
324 661 404 748 πρὸς
433 660 565 746 σκήψεις
595 661 651 728 κατ’
679 664 857 749 προφάσεις
882 660 938 726 καί
966 658 1058 728 οὗδὲν
1091 662 1177 745 ὑγιὲς
1198 658 1307 745 ἑώρων

222 759 493 848 καταφεύγοντας,
527 757 585 844 τήν
611 757 765 826 ἐπάνοδον
785 755 927 847 ᾐτοῦντο.
975 769 1041 838 τοῖς
1056 764 1097 840 ,δὲ
1117 762 1306 827 οὐδὲτοῦτο

221 867 392 926 λυσιτελεῖν
420 859 541 941 ἐδόκει,
576 854 655 924 ὥστε
682 856 876 935 ἀπελθόντας
904 854 980 934 τούς
1005 857 1166 942 μοναχοδς
1198 858 1324 933 αδτοῖςὸ

220 963 281 1043 μὲν
300 961 486 1024 ἀνατιθέναι
519 956 576 1042 τήν
609 960 712 1024 αἰτίαν
740 959 796 1021 τοῦ
815 960 970 1052 πολέμου,
998 958 1251 1047 Καντακουζηνηῖ
1268 957 1305 1022 δὲ

221 1063 265 1147 τῷ
286 1063 416 1142 βασιλεῖ
425 1055 461 1121 τὸ
481 1060 603 1139 μᾶλλον
624 1054 785 1140 αἱρεῖσθαι
803 1054 862 1141 τήν
882 1054 1008 1141 εἰρήνην
1038 1058 1094 1123 καί
1123 1055 1228 1121 δίκαια
1251 1053 1307 1121 καί

219 1163 424 1244 συμφέροντα
454 1164 519 1231 τοῖς
546 1159 644 1221 πᾶσιν
664 1156 775 1231 α’ξιοῦν
793 1165 1037 1240 συμμαρτυρεῖν.
1076 1157 1151 1220 ου’δὲ
1165 1152 1225 1239 γὰρ
1245 1154 1304 1235 μδ·

219 1256 291 1341 τριοὶ
310 1280 380 1322 τινα
403 1254 635 1340 προστήσεσθαι
658 1254 766 1329 αυτοῖς
788 1250 929 1334 ἐνόμιζον
948 1252 1027 1340 πρὸς
1046 1250 1081 1319 τὸ
1095 1251 1169 1327 τούς
1183 1253 1304 1339 δήμους

219 1355 416 1439 ἐκταράττειν
438 1352 494 1419 καί
519 1352 576 1417 τόν
605 1347 739 1433 πόλεμον
767 1362 871 1418 κινεῖν.
912 1354 1090 1437 ἐξεπίτηδες
1116 1350 1177 1437 γάρ
1209 1352 1346 1418 αδτοίιο

187 1456 335 1530 υλαλους
354 1453 443 1529 τινὰς
460 1452 613 1518 καθίεσαν
633 1454 679 1526 εἰς
698 1447 755 1526 τοὶς
774 1447 880 1525 πόλεις·
899 1448 1110 1537 κηρύττοντος
1117 1502 1127 1533 ,
1149 1451 1192 1529 ὥς
1211 1455 1302 1517 Καν-

218 1552 407 1639 τακοοζηνὸς
429 1553 498 1616 οὐδ’
519 1543 626 1635 ἄκροις
646 1544 709 1613 aius*
730 1546 789 1634 τήν
811 1546 935 1635 εἰρήνην
953 1553 1183 1635 παραδέχοιτο,
1218 1544 1302 1615 ἀλλὰ

217 1654 257 1719 τὰ
279 1653 440 1719 δεινότατα
467 1646 540 1725 τούς
570 1652 725 1731 βασιλέως
756 1651 874 1725 παῖδας
908 1648 1074 1734 διαθήσειν
1093 1639 1233 1730 ἆιιειλεῖ,
1272 1650 1304 1715 εἰ

216 1755 408 1836 περιγένοιτο
428 1753 462 1816 ἐν
493 1753 538 1838 τῷ
557 1752 704 1838 πολέμῳ,
741 1748 799 1814 καί
829 1748 904 1825 τοδς
930 1740 1064 1830 ἄλλους,
1096 1744 1163 1815 ὅσοι
1192 1748 1301 1813 δίκαια

216 1854 376 1925 ποιοῖντες
412 1847 516 1937 ἐκείνην
539 1845 797 1931 πεπολεμήκαοιν
827 1848 907 1933 ὑπὲρ
938 1847 1053 1918 αἰτῶν.
1106 1845 1346 1930 παρεκάλουνι5

216 1974 250 2014 τε
271 1946 345 2024 τοὺς
366 1946 487 2032 δήμους
510 1949 588 2033 ὑπὲρ
617 1952 681 2012 τῶν
707 1952 862 2028 βασιλέως
892 1950 1015 2012 παίδων
1034 1947 1185 2034 σ’ρφανῶν
1205 1938 1303 2011 ὄντων

216 2049 334 2133 πατρὸς
345 2050 530 2132 ἆγανακτεΐν
551 2051 606 2113 καί
625 2043 805 2129 α’μύνεσδαι
824 2046 880 2112 τόν
900 2048 1076 2112 οἰδικοῦντα,
1118 2038 1158 2110 οὗ
1179 2044 1219 2130 δή
1236 2048 1303 2110 ἓνε-

217 2174 257 2212 κα
278 2150 451 2229 ἐσκὲψαντο
468 2144 653 2230 συγκρούειν
684 2144 765 2232 πρὸς
784 2141 919 2221 ἑαυτοδς
950 2143 1206 2228 τοδςμοναχοὺς.
1248 2149 1304 2210 καί

217 2247 391 2332 Μακάριον
410 2249 470 2327 μὲν
490 2245 546 2311 τὸν
568 2242 705 2330 Λαδρας
725 2243 916 2329 ἡγούμενον,
940 2246 1167 2329 Θεσσαλονίκης
1185 2269 1303 2329 μητρο·

218 2350 345 2433 πολίτην
374 2349 614 2428 ἀποδείξαντες,
646 2343 775 2410 ἔπεισαν
795 2344 833 2408 οδ
861 2340 938 2427 πρὸς
965 2341 1037 2419 τούς
1068 2337 1181 2419 ἄλλους
1207 2340 1346 2425 μοίιονισ

123 2464 149 2516 P.
160 2464 210 2536 464
218 2447 419 2529 διενεχθῆναι
442 2443 603 2527 μοναχοδς
633 2447 688 2510 καί
708 2446 1029 2528 Καντακουζηνισμόν
1051 2445 1154 2508 αὐτῶν
1169 2466 1302 2528 κατηγο-

218 2555 300 2631 ρεῖν,
336 2542 386 2609 ὅτι
407 2542 445 2627 δή
468 2542 523 2608 τὸν
545 2545 638 2630 palos
661 2542 795 2624 δρῶντες
816 2539 1005 2608 ἀπολεῖσθαι
1031 2539 1094 2606 sind
1118 2544 1176 2607 τοῦ
1195 2545 1301 2607 κοινοῦ

217 2645 354 2725 πολέμου
374 2640 609 2720 κινδυνεύοντα,
631 2644 666 2707 ἑν
688 2644 783 2728 ζήλου
802 2644 899 2731 μοίρρ
927 2642 982 2707 καί
998 2645 1052 2727 τής
1073 2639 1153 2728 πρὸς
1167 2639 1207 2707 τα
1227 2645 1301 2725 βολ-

290 2801 313 2854 3.
331 2799 373 2858 εἰς
388 2798 449 2853 add.
467 2799 504 2853 M
524 2807 587 2854 aute
605 2798 700 2859 οὐδὲν·
768 2870 772 2882 .

219 2985 298 3025 curse
316 2977 401 3024 crant
438 2969 494 3039 Qui
512 2977 672 3033 cernentes,
696 2985 743 3022 eos
759 2968 834 3022 bello
858 2984 940 3040 quarn
966 2984 1033 3041 pace
1059 2969 1175 3038 gaudere
1197 2970 1299 3038 magis,

218 3059 277 3095 cum
295 3043 377 3097 toties
393 3058 474 3109 super
492 3056 523 3091 ea
541 3042 647 3108 rogati,
668 3040 703 3092 sd
717 3038 846 3093 obtentus
862 3040 991 3110 quosdam
1012 3049 1041 3093 et
1053 3056 1144 3092 causus
1161 3056 1301 3092 commen·

218 3116 294 3165 titias
318 3110 511 3183 confugerent,
540 3110 694 3162 revertendi
718 3117 881 3180 potestatem
906 3115 1068 3180 petiverunt
1103 3112 1139 3164 At
1162 3110 1221 3163 istis
1249 3125 1302 3164 nec

218 3183 270 3236 hoc
287 3184 439 3236 conducere
458 3183 545 3233 visum
567 3188 622 3243 est,
641 3187 672 3231 ut
690 3180 802 3251 digressi
822 3182 946 3234 monachi
965 3184 1038 3252 ipsos
1054 3181 1138 3243 belli,
1162 3182 1301 3234 Caratacu-

217 3270 313 3305 aenum
337 3255 410 3322 pacis
434 3259 571 3302 auctorem
589 3251 778 3320 praedicarent
803 3253 1048 3322 testimoniumque
1074 3253 1194 3314 ferrent,
1220 3252 1300 3303 illum

217 3323 341 3378 iustitiae
362 3328 543 3376 consentanea
564 3326 591 3371 et
609 3321 779 3373 universitati
801 3321 937 3375 fructuosa
955 3322 1103 3393 postulare.
1145 3322 1208 3375 Non
1225 3325 1301 3374 enim

219 3392 383 3464 quibusdam
400 3393 508 3444 levibus
526 3391 686 3443 ratiunculis
706 3406 800 3443 usuros
817 3390 1033 3456 arbitrabantur,
1062 3391 1163 3462 quibus
1182 3392 1301 3461 populos

218 3461 412 3533 perturbarent
429 3470 512 3529 atque
530 3458 564 3511 ad
583 3476 655 3512 arma
673 3461 866 3524 incenderent,
890 3478 949 3513 essm
968 3463 1022 3533 ipsi
1041 3479 1074 3515 ea
1094 3462 1221 3517 instituto
1241 3461 1302 3513 ble-

219 3539 328 3584 terones
347 3531 477 3603 quosdam
489 3528 650 3583 subornatos
662 3546 711 3600 per
720 3531 822 3601 oppida
838 3531 1014 3595 dimisissent,
1033 3534 1079 3604 qui
1091 3533 1302 3603 proclamarent,

220 3602 435 3654 Cantaeuzenum
455 3599 647 3652 obauditione
673 3603 745 3669 pacis
764 3599 910 3655 abhorrere
928 3611 957 3655 et
973 3604 1081 3667 minari,
1102 3618 1130 3655 sc
1150 3603 1237 3655 relata
1256 3603 1303 3655 ai-

220 3674 305 3725 ctoris
323 3672 492 3740 imperatoris
512 3668 613 3722 liberos
631 3670 764 3723 lucturum
788 3673 916 3725 mortales
938 3666 1122 3736 miserrimos,
1147 3688 1180 3724 ac
1205 3688 1303 3742 perae-

220 3759 275 3814 que
299 3741 382 3802 alios,
404 3747 539 3813 quotquot
560 3756 650 3794 amore
667 3740 790 3792 iustitiae
807 3758 855 3811 pro
873 3743 939 3809 ipsis
960 3750 1051 3795 conns
1067 3760 1096 3797 se
1112 3743 1302 3814 pugnaverint.

220 3812 376 3864 Incitabant
392 3812 475 3881 igitur
492 3811 627 3883 populos,
651 3818 683 3862 ut
699 3812 817 3864 liliorum
843 3813 1012 3881 imperatoris
1039 3813 1092 3864 iam
1118 3813 1305 3881 orphanorum

219 3882 306 3935 vicem
331 3882 468 3943 dolentes,
495 3881 530 3931 ab
549 3896 640 3931 eorum
661 3880 796 3950 capitibus
825 3880 943 3935 hominis
968 3882 1080 3936 iniurias
1103 3886 1304 3953 propulsarent.

220 3952 266 4005 Ob
284 3952 337 4003 hoc
353 3951 447 4022 itaque
471 3949 739 4012 commentabantur,
762 3952 900 4020 quomodo
919 3953 991 4006 inter
1007 3952 1152 4006 monachos
1177 3953 1256 4006 litem
1273 3961 1305 4007 et

221 4023 419 4075 dissensionem
446 4028 575 4073 sererent.
613 4021 649 4071 Ae
670 4022 819 4073 linearium
843 4022 975 4089 quidem,
998 4023 1103 4076 Lunrae
1120 4025 1304 4092 praelectum,

221 4092 422 4161 metropolitam
438 4090 708 4143 Thessalonicensem
726 4087 913 4160 designantes,
932 4109 964 4146 eo
979 4092 1179 4163 perduxerunt,
1196 4101 1229 4146 ut
1245 4109 1306 4147 non

129 4210 130 4219 ,
221 4171 327 4215 tantum
346 4163 381 4213 ab
400 4161 461 4213 aliis
480 4159 617 4212 monachis
639 4159 801 4223 dissideret,
824 4175 927 4232 cosque
953 4163 1186 4217 Cantaaucenismi
1205 4180 1304 4233 argue·

222 4242 276 4301 ret,
290 4233 372 4308 (qula
393 4231 523 4286 nimirum
548 4231 662 4285 enimn
681 4230 718 4285 ol>
738 4246 811 4286 arma
831 4234 985 4289 communia
1004 4236 1126 4306 periurio
1142 4233 1305 4296 mutim·

1232 4434 1249 4464 θ
