2934 4700
230 260 313 316 aro
607 205 890 318 camacum

80 421 142 478 te
157 419 293 494 stlattas
324 404 483 492 οἰφίκοντο.
532 403 674 486 βασιλίδι
705 423 740 466 ss
766 393 1002 484 συγγενόμενοι,
1031 392 1087 460 καί
1113 389 1313 479 πατριάρχου

227 512 282 575 καί
293 511 357 573 ταῖν
368 508 443 591 περί
453 495 550 568 αότόν
564 502 752 583 συνωμοτῶν
764 495 937 582 παρόντων,
956 492 1086 581 „ripale”
1097 491 1221 581 ἔφασαν
1233 490 1316 576 ,τήν

228 606 451 688 κατασχοῦσαν
465 603 642 684 Ῥωμαίους
663 597 796 685 όρῶντες
814 592 1001 682 συμφοράν,
1024 591 1112 660 δεινοὶ
1132 595 1192 673 μέν
1211 590 1315 680 ηἰόμε-

228 712 275 772 θα
302 702 342 770 τά
363 698 558 787 πραττόμενα
584 698 640 763 καί
672 700 752 782 πέρα
768 697 888 760 δεινοῖν.
930 693 1022 758 οἰδὲν
1050 694 1085 758 δὲ
1108 695 1202 756 πλέον
1234 686 1315 774 πρός

230 805 413 888 ἐπικουρίαν
441 798 495 864 καί
519 794 701 882 α’ποτροπήν
729 799 793 861 τῶν
814 795 925 859 δεινῶν
947 790 1117 874 δυνάμεων
1136 784 1338 872 συμβάλω-5

232 910 321 985 σθαι,
341 904 403 966 τοῖν
423 891 525 963 ἄλλων
546 892 775 981 ἀμελήσαντες,
796 894 875 977 ὑπὲρ
899 895 964 957 τοῖν
983 892 1069 979 κοινῇ
1090 885 1318 976 συμφερόντων

200 999 387 1084 Βέδεόμεθα
407 1003 486 1063 θεοῦ
493 1047 504 1077 ,
525 998 582 1061 τοῦ
601 991 698 1077 μόνου
720 996 837 1077 στήσαι
864 991 1042 1072 δυναμένου
1062 986 1118 1065 τός
1136 988 1319 1074 προσδοκω-

231 1105 328 1184 μένας
354 1095 533 1183 συμφοράς.
576 1095 646 1159 νυυί
667 1095 702 1157 δὲ
724 1091 761 1156 τό
784 1087 943 1174 διεστηκός
964 1093 1027 1154 anis
1044 1087 1209 1168 Ῥωμαίων
1230 1083 1317 1151 ἰδόν-

232 1224 282 1276 τες
300 1202 396 1283 μέρος
416 1192 560 1277 οἰομένας
578 1195 707 1278 χωροῦν
725 1188 804 1276 πρός
825 1187 882 1273 τήν
904 1186 1029 1275 εἰρήνην
1048 1187 1105 1254 καί
1120 1183 1257 1270 μάλιστα
1282 1181 1318 1250 ό-

233 1323 291 1383 περ
313 1294 441 1381 δόκησιν
462 1301 596 1378 παρεῖχε
616 1290 674 1375 τήν
694 1290 801 1356 αἰτίαν
822 1292 1047 1375 παρασχέσθαι
1067 1288 1362 1373 τής,διαφορσ”ις,ισ

234 1401 290 1464 καί
302 1401 370 1485 θεῷ
389 1399 432 1484 τῷ
449 1399 504 1478 τῆς
526 1388 651 1477 εἰρήνης
661 1392 786 1478 χορηγῷ
800 1386 916 1465 πολλός
926 1387 1063 1475 χάριτας
1074 1387 1323 1473 ὁμολογήσαντες

235 1496 290 1564 καί
302 1498 402 1581 χήρας
414 1497 469 1560 καί
479 1489 661 1576 σωματικήν
674 1493 841 1556 α’σθένειαν
853 1487 909 1555 καί
919 1487 993 1565 τοός
1002 1487 1078 1575 πρός
1088 1488 1146 1574 τήν
1161 1486 1323 1571 όδοιπορί·

236 1621 276 1662 αν
295 1593 413 1670 πόνους
428 1594 623 1678 παριδόντες,
644 1583 758 1675 ἥκομεν
779 1588 961 1675 δεησόμενοι
982 1594 1037 1656 καί
1056 1588 1157 1672 ὑμῶν,
1168 1591 1322 1671 δέχεσθαι

234 1693 291 1780 τήν
310 1691 445 1778 εἰρήνην
466 1693 521 1757 καί
545 1689 591 1776 μή
613 1687 667 1754 διά
691 1688 884 1775 φιλονεικίαν
904 1687 961 1774 τήν
976 1688 1141 1771 Ῥωμαιων
1154 1686 1323 1773 ἡγεμονίαν

235 1795 291 1860 νόν
311 1816 345 1857 τε
366 1792 637 1876 διαφθειρομένην
656 1790 807 1875 περιορᾷν
819 1791 874 1852 καί
893 1784 939 1853 ἔτι
962 1785 1123 1871 δεινότερα
1144 1785 1364 1871 προσδόκα-15

236 1894 335 1976 μένην
360 1884 515 1972 πάσχειν,
546 1882 588 1952 άν
613 1884 658 1972 μή
680 1890 802 1969 ταχέως
826 1884 844 1951 ό
866 1882 1000 1969 πόλεμος
1020 1891 1193 1975 καταλυθῇ.
1235 1882 1322 1951 ἔλεον

239 1985 298 2055 oda
324 1988 380 2054 καί
406 1987 501 2052 αότοί
528 1981 677 2068 λαβόντες
703 1989 767 2051 τοόν
799 1984 954 2072 όσημέραι
982 1989 1141 2070 χευμένοον
1174 1982 1322 2068 αἱμάτων

239 2088 295 2155 καί
313 2091 375 2155 τῶν
395 2087 620 2171 δεσμωτηρίοις
639 2090 854 2168 κατεχομένων
873 2088 929 2151 καί
946 2090 1008 2151 τοῖν
1027 2087 1244 2167 ἐλαυνομένων
1269 2084 1325 2149 καί

208 2187 394 2273 (ἶόνήκεστα
419 2183 607 2268 πασχόντων
635 2184 813 2270 ἀνθρώπων
821 2237 831 2266 ,
856 2188 1018 2272 κυρώσατε
1045 2183 1103 2271 τήν
1123 2183 1249 2268 εἰρήνην
1269 2182 1326 2248 καί

238 2290 303 2355 τῶν
322 2288 444 2352 πολλῶν
476 2287 532 2351 καί
560 2289 708 2369 χαλεπῶν
735 2282 886 2353 κινδύνων
916 2280 1114 2365 άπαλλοίξατε
1130 2286 1363 2369 Ῥωμαιουςμο

242 2386 286 2465 εἰς
317 2382 356 2454 όν
382 2381 456 2465 θεός
485 2410 519 2451 τε
547 2383 564 2451 ὁ
591 2389 646 2470 τής
667 2384 789 2470 εἰρήνης
809 2382 944 2471 χορηγός
964 2390 1105 2474 δοξασθῇ
1126 2389 1182 2451 καί
1198 2387 1325 2467 βασιλίς

240 2513 273 2554 τε
302 2490 357 2553 καί
380 2483 579 2569 πατριάρχης
606 2481 663 2548 καί
685 2482 778 2565 δμεῖς
798 2482 817 2570 ἦ
837 2486 1006 2570 σύγκλητος
1032 2483 1071 2548 osi
1092 2485 1180 2569 παρά
1202 2483 1326 2550 πόντων

240 2583 338 2671 μόνον
353 2584 538 2666 Ῥωμαίων,
574 2581 654 2647 οἰλλά
677 2585 733 2646 καί
752 2584 842 2667 ἡμῶν
868 2587 931 2651 τῶν
950 2587 1104 2650 ταπεινιόν
1125 2585 1214 2663 α’ξίας
1236 2586 1326 2666 κομί-

243 2688 341 2771 ζησθε
369 2682 573 2767 εόχαριοτιας
592 2683 649 2766 τῆς
669 2683 852 2768 προθυμίας
870 2686 926 2767 τῆς
945 2686 1019 2770 περί
1035 2681 1075 2748 τά
1098 2680 1179 2749 καλό
1196 2681 1253 2748 καί
1270 2685 1326 2768 τῆς
1419 2700 1422 2707 “

244 2927 381 2991 triarcba,
409 2925 559 2981 coniuratis
586 2927 651 2978 item
681 2926 871 2996 praesentibus
894 2930 1047 2997 congressi,
1076 2932 1115 2984 ita
1142 2931 1228 2984 locuti
1252 2935 1326 2982 sunt.

245 3002 315 3054 Cum
336 3012 503 3051 cerneremus
524 2997 723 3061 calamitatem,
748 3014 819 3069 quae
844 3000 975 3052 Romanos
999 3003 1154 3069 oppressit,
1181 3002 1233 3053 etsi
1253 2997 1329 3070 qnod

248 3071 376 3139 agebatur
396 3067 539 3121 infandum
558 3065 723 3136 apparebat,
753 3076 844 3122 tamen
864 3070 929 3140 quia
952 3070 987 3123 ad
1006 3080 1105 3126 tantam
1123 3075 1178 3125 vim
1196 3073 1258 3123 mali
1277 3069 1326 3123 de·

245 3139 402 3211 pellendam
420 3137 493 3190 nihil
510 3139 608 3191 ausilii
625 3142 720 3190 afferre
737 3149 909 3208 poteramus,
930 3141 1043 3213 reliquis
1062 3143 1243 3212 posthabitis,
1261 3144 1329 3204 Deo,

247 3213 296 3282 qui
315 3212 388 3263 solus
406 3208 595 3277 impendentes
612 3224 755 3261 aerumnas
773 3218 855 3280 atque
874 3211 997 3264 miserias
1021 3230 1195 3267 averruncare
1221 3219 1331 3282 potest,

248 3296 417 3334 communem
449 3279 563 3329 salutem
591 3280 864 3350 incolumitatemque
898 3282 1034 3351 supplices
1068 3284 1329 3338 commendabamus.

247 3352 327 3404 Nunc
343 3350 409 3421 quia
429 3348 619 3417 cognovimus,
646 3359 808 3423 segregatam
834 3353 1013 3404 Romanorum
1029 3365 1152 3423 partem,
1179 3373 1249 3428 quae
1267 3354 1333 3423 opi-

247 3424 360 3473 nionem
384 3417 534 3489 praebebat
559 3418 673 3471 maxime
695 3421 799 3491 incepti
820 3419 902 3475 huius
921 3421 1047 3487 dissidii,
1070 3426 1144 3496 pacis
1168 3443 1227 3479 esse
1252 3425 1333 3495 cupi·

249 3489 329 3552 darn,
348 3488 414 3541 Deo’
423 3489 497 3556 pacis
517 3488 638 3557 largitori
657 3490 823 3544 immortales
840 3495 941 3559 gratias
958 3494 1077 3563 egimus,
1103 3497 1235 3569 nullaque
1254 3511 1334 3547 senc·

250 3564 334 3612 ctutis
352 3569 381 3612 et
396 3556 596 3610 imbecillitatis
613 3575 645 3609 ac
667 3560 791 3614 laborum
811 3563 919 3616 itineris
936 3567 1041 3616 ratione
1060 3565 1157 3630 ducta,
1176 3577 1205 3620 et
1221 3583 1270 3620 sos
1286 3583 1334 3618 ro·

252 3630 340 3700 gaturi
360 3627 535 3693 advenimus,
552 3635 584 3680 ul
598 3645 691 3698 pacem
704 3631 939 3700 complectaminis
956 3650 992 3687 ne
1012 3636 1049 3688 ob
1066 3637 1215 3691 discordias
1231 3645 1334 3691 vestras

253 3711 284 3754 et
300 3716 374 3752 nnnc
391 3700 526 3751 laceretur
540 3699 688 3751 Romanum
706 3703 849 3770 imperium
864 3710 892 3756 et
909 3705 962 3756 nisl
977 3707 1065 3775 primo
1084 3727 1195 3781 qnoque
1209 3718 1334 3779 tempore

254 3771 359 3823 bellum
378 3767 551 3834 inhibeatur,
575 3771 709 3824 atrociora
732 3772 868 3825 formidet.
904 3776 1087 3843 Quamobrem
1112 3787 1141 3832 et
1162 3779 1281 3850 νεαροὶ
1303 3777 1334 3827 in

255 3841 315 3893 dies
333 3840 459 3893 tunditur
471 3840 628 3909 sanguinem
651 3851 680 3894 et
698 3843 729 3892 in
746 3858 879 3895 carcerem
901 3855 1054 3918 compactos
1070 3857 1154 3921 atque
1171 3851 1200 3903 in
1221 3850 1335 3902 esiliam

275 3911 391 3965 roiectos
425 3918 454 3963 et
472 3913 626 3964 saevissime
644 3912 785 3964 afflictatos
803 3916 943 3978 miserati,
968 3933 1062 3987 pacem
1081 3930 1164 3973 rasam
1189 3919 1314 3971 coniicito
1323 3953 1334 3981 ,

253 3929 445 4051 bomanosque
470 3983 562 4034 multis
582 3998 614 4034 ac
631 3982 757 4036 nefandis
779 3983 901 4037 cladibus
920 3988 1045 4050 eximite,
1070 3997 1102 4042 ut
1121 3999 1150 4043 et
1168 3994 1241 4045 Dens
1258 3990 1335 4057 pacis

255 4051 373 4105 donator
390 4050 557 4113 celebretur,
580 4061 609 4104 et
626 4052 784 4123 imperatrix
802 4069 833 4106 ac
851 4056 1003 4124 patriarcba
1021 4068 1050 4111 et
1066 4075 1113 4112 sos
1132 4069 1259 4120 senatos,
1278 4075 1337 4112 non

256 4138 272 4173 a
291 4122 415 4175 liomanis
432 4121 514 4172 modo
535 4125 651 4191 passim,
675 4123 723 4175 sed
741 4127 823 4177 etiam
843 4143 858 4176 a
875 4125 954 4179 nobis
970 4125 1139 4195 humilibus,
1166 4137 1277 4203 propter
1294 4130 1339 4181 la·

256 4193 390 4249 eilitatcm
416 4189 445 4247 in
468 4192 549 4246 rebus
574 4192 696 4250 honestis
723 4204 753 4249 et
783 4195 996 4253 sollicitudinem
1020 4199 1162 4257 hominum
1187 4200 1340 4258 imoens-
