2934 4700
244 220 331 326 452
641 239 920 312 cimicumtt

98 416 160 473 tc.
176 403 356 487 rttsyaps'ov
376 400 466 467 atses
484 400 523 487 τῇ
541 395 620 485 πρὸς
644 397 748 468 adesir.
791 399 822 462 el
841 397 871 460 δ’
890 398 1048 481 δπιορκίας
1071 392 1196 481 διῴκει,
1224 385 1247 475 ἢ
1266 387 1320 450 ού-

244 503 298 565 tta
310 502 454 582 α’σεβειας
469 499 655 584 διενήνοχεν,
677 495 836 583 (ἐπιορκία
853 494 926 583 γάρ,
942 518 1057 581 φησιν,
1069 486 1197 577 ἄρνησις
1209 490 1320 573 δεού,)

244 602 281 664 τί
310 597 438 681 λοιπὸν,
479 592 599 681 ἢμετά
632 597 812 683 παρ’ῥησίας
841 594 1039 661 ἀπολύεσθαι
1070 590 1110 655 τά
1139 588 1319 673 ἐγκλήματα

243 700 300 762 καί
318 690 416 762 αύτάν
435 693 659 761 ἀποδεικνύναι
678 700 823 760 τοσοῦτον
842 698 880 781 τῇ
899 690 1041 779 ἐπιορκία
1062 684 1260 772 ἐνεχόμενον,
1296 678 1320 769 ἢ

244 792 316 883 ὅσον
338 791 475 876 ἐμαοτάν
504 793 641 876 μάλιστα
670 791 879 879 α’φεστηκάτα.
918 793 998 879 πρὸς
1020 793 1079 872 μὲν
1098 780 1155 852 ούν
1185 786 1340 868 βασιλέαὸ

216 893 299 961 ὓτάν
326 891 485 979 μακάριον
513 896 629 958 ἐκεῖνον
648 890 703 958 τάν
722 893 813 957 πάντ’
840 892 912 975 ε’μοί
931 894 1079 978 paleatos
1107 888 1161 950 καί
1181 887 1320 972 κεφαλῆς

244 992 429 1078 τιμιώτερον
448 990 568 1075 αύτῆς,
600 982 638 1055 οὗ
659 994 714 1057 καί
733 994 847 1071 ζῶντος
865 989 1002 1074 μάλιστα
1024 985 1244 1073 περιειχόμην,
1264 980 1321 1047 κατ’

245 1089 349 1157 πάντα
370 1092 463 1157 πόνον
494 1090 574 1177 ύπὲρ
597 1094 715 1156 ἐκείνου
746 1089 872 1178 τροφην
891 1092 1047 1175 ἡγούμην,
1077 1088 1133 1151 καί
1155 1081 1236 1167 μετά
1261 1080 1318 1166 τὴν

243 1186 389 1276 τελευτὴν
407 1190 611 1275 α’νεπίληστοκ
640 1187 698 1275 την
717 1192 845 1276 μνήμην
864 1192 1043 1276 περιφέρω,
1072 1180 1141 1250 οὔτ’
1158 1182 1318 1266 άμωμοκί·

244 1313 300 1356 ναι
319 1292 418 1376 φαίην
439 1283 497 1370 άν,
534 1280 601 1354 oa’s's'
621 1291 866 1372 ἐπιωρκηκέναι·
895 1281 971 1352 odoi
995 1284 1055 1372 γάρ
1077 1280 1180 1370 ὅρκων
1202 1279 1359 1364 eleisum

244 1390 317 1453 ποτὲ
344 1390 402 1452 τοῦ
430 1389 530 1471 μηδὲν
558 1390 682 1474 φαῦλον
710 1386 899 1452 ὑποπτεύειν
931 1385 1020 1450 ἕνεκα
1047 1381 1121 1469 περὶ
1146 1381 1235 1463 ε’μού.
1285 1377 1319 1442 αἱ

243 1485 304 1571 γάρ
327 1487 513 1571 καδημίραν
537 1482 666 1572 πράξεις
704 1485 829 1571 μορίων
855 1481 955 1572 ὅρκων
985 1474 1065 1569 ἦσαν
1093 1476 1318 1566 ἰσχυρότεραι,

244 1583 302 1668 τὴν
331 1584 411 1669 πούς
440 1585 557 1649 ἐκεῖνον
580 1586 660 1666 ἐμοῦ
688 1588 793 1650 πίστιν
820 1582 874 1649 καὶ
897 1587 1006 1670 φιλίαν
1028 1577 1174 1665 καθαράν
1194 1579 1321 1643 duodes-

244 1686 365 1748 κνύσαι.
385 1680 461 1757 τούς
477 1680 537 1768 γάρ
560 1678 675 1769 ὅρκους
706 1684 746 1747 οδ
777 1685 854 1768 παρ’
870 1674 915 1749 οἷν
937 1684 1089 1768 δυσχερὲς
1107 1677 1320 1756 ύποπτεύσμεν

151 1790 177 1845 P.
189 1792 241 1860 θοή
251 1781 359 1861 οὐδὲν,
374 1772 497 1856 άλλόἷς
514 1781 650 1862 μάλιστα
665 1782 865 1865 άπισιούμεν,
881 1779 1037 1863 είάδαμεν
1048 1782 1207 1843 ποιεῖσθαι
1225 1770 1359 1860 προσ-15

244 1875 441 1962 αναγκάζειν.
497 1875 536 1944 ού
574 1878 639 1966 μην
677 1879 730 1946 διά
763 1884 854 1946 τοῦτο
890 1875 1087 1964 ἐγκλημάτων
1126 1872 1324 1940 &netimeas

244 1980 377 2061 δικαιῶ,
417 1970 457 2044 άν
488 1988 554 2054 τοῖς
593 1981 710 2045 ἐκείνου
761 1980 923 2066 φαίνωμαι
958 1977 1051 2043 παισί
1081 1973 1161 2059 μετά
1191 1970 1246 2058 τὴν
1273 1993 1323 2036 τε·

187 2098 192 2107 ·
243 2073 357 2161 trusels
389 2074 670 2159 ἐπιβεβουλευκώς·
712 2077 830 2160 ὁμοίως
858 2076 919 2161 γάρ
947 2070 986 2141 άν
1007 2099 1057 2151 τις
1085 2074 1221 2156 δνὲχοιτο
1258 2076 1323 2146 τοῖς

244 2174 417 2259 ἐγκλήμασι
436 2179 491 2259 τῆς
512 2172 647 2258 άδικιάς,
669 2169 708 2242 άν
733 2175 966 2259 τ’ὄμωμοκώς,
994 2170 1033 2240 άν
1051 2198 1084 2240 τε
1101 2171 1201 2258 χωρίς
1220 2166 1323 2253 ὅρκων

245 2273 379 2360 α’δικοίη.
428 2277 521 2338 τούτο
547 2276 606 2357 μὲν
638 2268 696 2341 ούν
741 2273 824 2358 μετά
851 2277 915 2340 τοῖν
947 2270 1050 2362 ὅρκων
1079 2271 1135 2358 την
1165 2265 1363 2346 αἰιάδειξιννο

244 2371 444 2456 ἐξετάσομεν·
484 2372 556 2438 νυνί
584 2376 613 2438 δ’
636 2372 713 2439 odsi
741 2376 836 2439 τούτο
862 2370 1042 2455 ψεύδεσθαι
1078 2374 1133 2437 καί
1165 2392 1324 2455 συκοφαν-

248 2482 316 2538 τεῖν
340 2469 395 2537 τὸν
416 2472 610 2558 πατριάρχην
638 2474 736 2559 φαίην
769 2466 826 2555 als,
856 2470 1016 2559 φάσκοντα
1042 2471 1224 2557 ἤδετηκὲναι
1250 2467 1325 2541 τούς

146 2570 329 2657 milam&
356 2573 491 2653 βασιλέα
520 2566 642 2657 ὅρκους.
682 2575 713 2638 εἰ
745 2573 780 2640 tt
800 2569 876 2648 τούς
900 2571 976 2660 πρὸς
994 2571 1142 2656 βασιλίδα
1170 2570 1253 2652 λέγει
1272 2567 1327 2631 καί

252 2774 319 2827 riam
339 2772 443 2824 habent
460 2773 698 2843 reprehensionem
717 2781 746 2828 et
764 2791 877 2847 qnorum
898 2775 1061 2828 contumelia
1072 2772 1105 2827 sd
1124 2787 1220 2842 corpus
1238 2777 1324 2823 trans·

251 2845 293 2905 it,
321 2850 472 2906 accusaret,
496 2861 545 2913 ego
569 2848 768 2898 accusationem
793 2847 943 2900 reverentia
972 2847 1047 2898 illius
1079 2846 1201 2898 tulissem
1218 2843 1322 2894 tacitus

250 2915 325 2985 Quia
348 2930 412 2966 reso
435 2913 549 2985 periurii
569 2916 721 2978 insimulat,
742 2933 813 2986 qnae
830 2916 903 2969 nihii
919 2916 954 2968 ab
974 2918 1113 2986 impietate
1131 2914 1230 2976 differt,
1250 2914 1325 2980 (per-

251 2985 352 3037 iurium
369 2986 459 3047 enim,
477 2985 584 3054 inquit,
603 2994 644 3038 est
660 2989 769 3056 negatio
789 2988 863 3057 Det)
890 2987 958 3057 quid
975 2994 1078 3046 restat,
1100 2987 1154 3037 nisi
1171 2991 1203 3034 ut
1220 2982 1324 3034 obiecta

250 3057 365 3109 erimina
384 3056 506 3107 refellam
525 3056 628 3119 libere,
652 3058 795 3127 ipsumque
814 3064 918 3108 tantum
938 3074 996 3109 esse
1014 3056 1134 3125 periurio
1154 3053 1324 3122 implicitum,

256 3135 390 3195 qnantum
408 3140 451 3176 me
476 3126 511 3174 ab
530 3141 562 3177 eo
582 3127 734 3179 seiunctum
751 3127 941 3179 demonstrem.
977 3126 1058 3196 Quod
1078 3127 1161 3194 igitur
1178 3124 1278 3175 attinet
1291 3119 1325 3171 sd

252 3195 350 3248 beatae
376 3196 521 3247 memoriae
548 3197 739 3265 imperatorem
757 3199 858 3259 illum,
880 3197 1000 3250 omnium
1026 3194 1278 3248 minimissimus
1298 3200 1326 3243 et

252 3266 312 3333 ipsa
336 3268 425 3318 anima
451 3282 510 3317 mea
528 3268 732 3334 pretiosiorem,
757 3269 848 3339 (quem
866 3274 895 3317 et
910 3267 1045 3319 viventem
1064 3264 1279 3334 complectebar,
1298 3268 1326 3314 et

274 3336 375 3386 nemeis
395 3352 443 3405 pro
464 3352 496 3387 eo
516 3335 635 3388 laborem
654 3336 765 3389 delicias
784 3334 962 3407 reputabam,
988 3338 1119 3406 cuiusque
1144 3335 1267 3387 defuncti
1284 3332 1326 3383 in·

253 3351 400 3456 ductilem
428 3406 583 3458 memoriam
607 3408 792 3478 circumler0,)
815 3422 905 3459 neue
930 3407 1033 3458 iurasse
1057 3420 1100 3457 me
1128 3406 1171 3458 illi
1201 3403 1325 3464 dixerim,

252 3489 344 3543 neque
369 3474 521 3542 peierasse:
546 3477 681 3544 siquidem
699 3494 734 3530 ne
759 3478 827 3546 quid
851 3423 885 3529 άε
909 3493 953 3528 me
977 3476 1115 3529 sinistrum
1135 3476 1326 3544 suspicaretur,

253 3544 414 3594 iuramentis
440 3546 509 3596 meis
527 3559 665 3615 nunquam
684 3546 813 3614 indignit,
838 3563 898 3598 cum
917 3546 1095 3617 quotidianae
1113 3548 1235 3597 actiones
1251 3558 1327 3595 meae

254 3612 289 3665 ad
309 3612 387 3663 fidem
407 3619 436 3665 et
454 3629 608 3682 germanum
627 3632 745 3668 amorem
774 3633 864 3668 meum
885 3632 947 3688 erga
964 3617 1044 3669 illum
1082 3615 1235 3669 rodendum
1251 3614 1326 3665 mille

254 3683 415 3735 iuramentis
437 3684 637 3737 antecellerent.
678 3685 786 3738 Etenim
808 3703 864 3740 uon
889 3703 951 3751 eos,
977 3704 993 3739 a
1035 3634 1117 3738 uibus
1140 3701 1218 3756 grase
1233 3683 1272 3735 nil
1289 3683 1326 3733 ti-

253 3769 376 3816 memus,
405 3754 452 3804 sed
470 3753 570 3825 quibus
587 3755 703 3807 maxime
723 3755 870 3808 diffidimus
888 3756 922 3809 sd
939 3705 1084 3809 iuranbum
1104 3773 1198 3827 eogere
1214 3767 1327 3806 eonsue-

254 3823 350 3876 vimus.
393 3824 454 3875 Non
481 3833 572 3876 tamen
589 3833 736 3894 propterea
757 3827 917 3879 criminibus
935 3843 979 3879 me
996 3826 1101 3880 absolsi
1119 3828 1193 3887 volo,
1211 3825 1232 3876 si
1249 3826 1327 3875 inte-

254 3896 307 3946 rim
325 3892 400 3945 illins
418 3894 481 3945 filiis
500 3902 562 3962 post
579 3896 637 3948 eius
659 3911 673 3947 e
690 3897 746 3948 visa
763 3897 910 3952 discessum
926 3896 1072 3949 insidiatus
1088 3895 1188 3949 videar.
1230 3894 1329 3945 Perae·

255 3981 311 4034 que
331 3963 403 4015 euim
422 3965 574 4017 iniustitiae
594 3967 675 4035 culpa
692 3974 818 4032 tenetur,
835 3968 858 4021 si
877 3968 937 4036 quis
955 3967 1108 4029 iniuratus,
1135 3976 1166 4019 nt
1181 3967 1204 4017 si
1222 3960 1347 4016 iuratus‘

254 4035 357 4086 iniuste
384 4034 476 4104 egerit
523 4033 578 4087 Sed
604 4036 656 4088 boc
674 4038 756 4107 quale
774 4038 825 4102 sit,
849 4044 909 4105 post
928 4038 1120 4089 relutationem
1139 4036 1240 4089 obiecti
1258 4036 1331 4086 iura·

254 4105 341 4157 menti
365 4102 612 4157 considerabimus:
647 4122 721 4160 nunc
751 4106 804 4160 boe
835 4107 920 4175 ipsum
954 4108 1134 4175 patriarcham
1161 4107 1327 4160 calumniose

254 4174 365 4229 mentiri
392 4175 456 4241 aio,
481 4175 557 4247 quod
574 4192 619 4231 ms
635 4175 729 4234 datam
746 4177 903 4249 imperatori
920 4178 1100 4233 iuramentum
1117 4178 1249 4234 babuisse
1267 4177 1329 4231 irri-
