2934 4700
237 231 291 345 78
631 253 914 328 cANTchzENl

87 420 222 494 deusde
233 380 362 502 ysne*
383 412 432 481 ἔτι
452 416 488 480 δὲ
507 410 654 499 ἐχόμενοι
675 414 764 496 ὁδοῦ,
788 414 910 504 κήρυκα
924 419 1174 504 προπέμψαντες,
1194 418 1328 508 ἐδήλουν

233 516 400 601 γράμμασι
427 517 472 603 τῷ
497 512 622 605 μεγόλφ
643 518 834 604 δομεστόκφ,
863 520 964 602 μηδὲν
991 517 1069 603 περὶ
1087 514 1205 583 ἑαυτοῦ
1227 528 1326 584 κινεῖν

229 618 292 681 triv
314 611 541 694 καθεστώτων,
561 616 644 700 μηδὲ
664 615 812 701 πράττειν
831 619 949 701 μηδὲν,
969 616 1048 701 μήτε
1064 621 1128 682 ruis
1148 620 1326 683 δοκούντων

229 712 396 800 βελτιόνων
422 708 445 799 ή
461 710 636 800 χειρόνων,
656 709 696 780 όν
716 713 762 801 μή
782 718 908 803 παρῶσι
928 721 984 781 καί
996 717 1106 782 astrol·
1146 716 1270 791 πάντας
1285 719 1324 781 δὲ

230 815 424 899 παρέσονται
446 807 670 880 όσονοόδέπω.
710 816 832 880 δίκαιον
854 817 890 879 δέ
908 810 989 880 εἶναι
1010 818 1181 881 πείθεσθαι
1203 808 1349 905 αότοῖςβ

234 913 274 978 ου’
293 911 393 995 μόνον
410 915 446 978 ἐν
464 919 530 991 τοῖς
549 913 687 999 πράτοις
705 917 768 981 τεόν
785 916 889 1002 φιλοιν
915 916 1128 997 τεταγμένοις,
1158 907 1240 977 dud
1268 914 1327 976 κατ’

137 1020 164 1075 Ρ.
175 1017 309 1098 386παρ’
328 1008 445 1098 ἑτέρων
464 1006 596 1097 ἥκουσιν
616 1011 743 1094 ὅμοιἀν.
784 1015 1046 1100 παραγενομένοις
1069 1001 1116 1095 δὲ,
1137 1010 1160 1076 ά
1183 1004 1222 1076 όν
1244 1014 1326 1100 usius

234 1110 336 1189 δόξειε
365 1113 455 1199 κοινή
481 1117 674 1197 λυσιτελεῖν,
710 1116 813 1177 ταῦτα
845 1108 1002 1198 πράττειν.
1043 1113 1113 1177 ἐπεὶ
1132 1113 1167 1176 δέ
1188 1111 1329 1194 γένοιντο

233 1207 328 1295 ἐγγός
360 1213 616 1294 Διδυμοτειήνου,
647 1206 744 1276 πόλιν
777 1214 882 1296 ἕτερον
913 1212 1166 1298 προπέμψαντες,
1200 1207 1257 1293 τήν
1289 1229 1327 1271 τε

233 1303 343 1397 ἄφιξιν
370 1306 506 1395 ἐμήνυον
530 1308 713 1374 αὐτῶνκαὶ
731 1303 960 1396 προετρέποντο
983 1311 1098 1388 ἐξιέναι
1119 1308 1164 1383 εἰς
1183 1304 1375 1390 duriore-10⁶

232 1436 285 1478 σιν
318 1408 434 1475 adesir.
485 1411 530 1500 τῷ
560 1410 596 1474 δὲ
625 1410 757 1474 ἐδόκουν
787 1406 905 1495 α’νόητα
925 1402 1044 1486 όξιοῦν.
1086 1409 1126 1473 ου’
1144 1404 1203 1494 γάρ
1229 1395 1330 1470 asinos

232 1535 304 1575 τινα
324 1503 493 1593 προσήκειν
504 1506 576 1583 τούς
587 1508 837 1593 ἐντυγχάνοντας
848 1511 940 1597 τιμᾷν
952 1504 1230 1592 προσαναγκάζειν,
1255 1499 1326 1570 ἀλλ’

232 1611 370 1685 ἐκείνους
389 1604 511 1674 οἴκοθεν
533 1609 642 1686 α’ξόους
660 1608 823 1694 κρίνοντας
841 1609 1048 1693 ἐπιψηφίζειν
1060 1605 1118 1690 τήν
1129 1602 1233 1690 τιμήν.
1260 1606 1328 1685 ἐξε-

231 1706 355 1788 τόζοντι
371 1709 407 1773 δὲ
418 1704 495 1793 πρὸς
507 1701 622 1772 ἔαυτόν
633 1706 688 1772 τόν
696 1703 797 1791 λόγον,
813 1704 867 1771 διὰ
881 1704 937 1793 τήν
949 1709 1108 1771 δοκοῦσαν
1118 1705 1250 1771 stronde
1263 1703 1328 1770 παὶ

236 1807 365 1893 ρι’στατο
380 1816 461 1872 νοεῖν
471 1802 547 1902 ὅπερ
561 1798 610 1893 ήν,
631 1803 675 1882 ὥς
688 1809 728 1870 οι]
739 1809 896 1895 σφετέρας
907 1809 996 1873 ἕνεκα
1007 1805 1209 1890 αὖτάντιμής
1218 1799 1372 1890 deservit

234 1908 384 1988 τοιαῦτα,
413 1905 482 1969 ἀλλ’
500 1905 553 1972 ἵνα
574 1902 819 1991 ὑπαντήσαντος,
838 1908 900 1972 τεόν
918 1907 1023 1970 ἳππων
1040 1901 1214 1987 άποβάντες
1234 1899 1330 1969 αὐτοὶ

134 2011 166 2065 V.
175 2010 226 2065 313
236 2004 332 2089 τιμήν
344 2004 486 2070 άποδοόσι
494 2002 551 2090 τήν
558 2004 716 2089 μεγίστην.
737 2004 755 2070 o‘
762 2007 823 2088 μὲν
834 1996 891 2069 οὖν
899 2006 1029 2069 τοιαῦτα
1038 2004 1195 2087 ἐννοήσας,
1207 2000 1330 2085 ἔμεινεν

212 2101 331 2170 Βοῖκοι.
352 2112 418 2181 τοῖς
431 2106 461 2168 δ’
481 2105 552 2169 ε’πεί
563 2105 620 2170 oris
632 2108 783 2189 ἐξεγένετο
798 2102 858 2190 τήν
872 2102 1011 2169 ἐπίνοιαν
1023 2104 1068 2178 εἷς
1082 2101 1172 2189 ἔργον
1187 2104 1328 2187 άγαγεῖν,

238 2203 331 2293 όλόγφ
355 2200 490 2290 ὕστερον
503 2204 614 2290 καιρόν
635 2207 878 2292 ἐπιτηρήσαντες
894 2206 950 2269 κατ’
964 2201 1168 2287 συντυχόντες
1188 2206 1329 2292 ἐφιππφ,

236 2306 300 2372 τῶν
314 2306 418 2370 ἳππων
430 2304 605 2387 ἀποβάντες
614 2300 836 2393 προσεκύνουν.
867 2296 921 2370 εἶτ’
935 2303 1021 2393 αὐτῷ
1030 2302 1107 2369 οἴκοι
1122 2300 1372 2379 συνελθόντεςὶθ

238 2405 279 2468 ου’
288 2402 368 2468 κατά
386 2400 421 2470 τό
437 2401 587 2491 πρότερον
600 2402 674 2480 ἔθος
692 2401 893 2491 σννεισήεσαν
905 2401 1037 2489 ἔφιπποι
1048 2399 1105 2486 τήν
1126 2400 1239 2488 αόλήν,
1257 2401 1328 2467 ἀλλ’

237 2500 297 2582 ἔξω
308 2505 547 2584 καταλιπόντες,
564 2505 720 2588 παρέθεον
734 2505 823 2591 πεζῇ.
843 2501 859 2567 ό
876 2505 913 2568 δέ
930 2498 1140 2588 ήγονάκτησεν
1157 2498 1330 2588 ἐφ’ἓκατέ-

239 2626 306 2689 ροις
325 2603 365 2665 osi
382 2608 527 2690 μετρίως.
547 2600 648 2667 ἔπειθ’
668 2599 772 2689 ἑαυτῷ
784 2598 1063 2690 περιστησάμενος,
1085 2597 1251 2687 κατηγόρει
1268 2599 1330 2686 τήν
1352 2604 1356 2613 ’

310 2738 335 2774 υ.
353 2708 430 2840 παρά
450 2720 572 2842 siurim
626 2721 652 2777 5.
670 2717 779 2774 δίκαιον
795 2721 822 2775 Ρ.
892 2718 1036 2792 smyris
1053 2720 1080 2773 Ρ.
1149 2738 1191 2776 οι.
1210 2730 1328 2774 συνεισ-

310 2803 390 2843 ιεσαν
416 2808 458 2843 ,ε
528 2829 534 2842 .

241 2880 339 2931 sticum
357 2877 521 2941 mittuntur,
539 2884 570 2930 ut
587 2878 614 2929 ei
633 2879 812 2931 communiter
830 2876 937 2931 decretu
955 2877 1101 2940 nuntient,
1126 2885 1154 2931 et
1175 2894 1208 2931 ex
1226 2879 1327 2932 itinere

240 2965 404 3021 praeconem
430 2964 493 3000 enm
518 2948 618 3002 litteris
645 2950 826 3018 praemittunt
843 2950 925 3019 eique
951 2948 1120 3014 significent,
1145 2965 1181 3001 ne
1206 2948 1273 3019 quid
1291 2950 1329 3001 de

242 3021 310 3089 ipsis
329 3019 541 3072 constitutorum
563 3028 678 3084 moveat,
697 3037 748 3072 nec
761 3021 826 3088 ipsis
843 3017 1002 3071 absentibus
1020 3018 1181 3090 quidquem,
1195 3022 1251 3072 sire
1267 3037 1329 3071 me-

243 3091 298 3144 lios
322 3091 378 3143 sive
410 3090 531 3144 deterius
556 3093 660 3155 visum,
696 3090 753 3144 oeci
775 3091 828 3144 int:
855 3096 1026 3142 morantem
1048 3097 1076 3141 et
1096 3091 1208 3141 omnino
1228 3095 1330 3144 offutu-

242 3177 296 3215 ros.
331 3162 456 3231 Aequum
475 3176 556 3231 porro
574 3178 647 3224 esse,
666 3179 695 3215 ss
714 3107 820 3213 ιαόίτίε
839 3175 895 3212 non
914 3161 1002 3211 solum
1028 3166 1059 3209 ut
1075 3176 1109 3211 ex
1128 3162 1222 3212 amicis
1247 3177 1329 3232 prae-

243 3231 350 3302 cipuis,
380 3226 428 3282 sed
454 3233 537 3283 etiarn
564 3234 698 3285 sociorum
721 3234 805 3285 missu
833 3232 983 3289 venientes.
1025 3229 1076 3280 Ubi
1103 3231 1246 3294 affuerint,
1269 3239 1329 3284 tum

246 3319 317 3372 quoe
336 3303 417 3354 simul
436 3318 530 3353 omnes
547 3305 697 3365 senserint,
716 3317 749 3352 ca
771 3302 949 3371 aggrediatur.
987 3300 1209 3367 Didymotichum
1227 3318 1330 3369 oppro-

268 3375 434 3445 inqoantes,
452 3387 557 3423 rursum
575 3373 658 3425 olium
679 3373 900 3442 praemittentes,
920 3370 1066 3423 adrentum
1091 3387 1169 3423 suurn
1196 3370 1331 3435 indicant,

244 3390 461 3512 Rortnnturque,
479 3447 510 3492 nt
527 3442 636 3495 obviem
654 3445 720 3512 ipsis
738 3444 859 3513 prodent.
895 3444 961 3497 Viso
982 3443 1065 3493 stulte
1087 3441 1247 3511 postulatio:
1273 3458 1331 3511 non

247 3515 322 3564 enim
345 3512 385 3563 fas
404 3527 482 3573 esse,
501 3527 516 3562 ε
535 3508 720 3584 φαοφιεειαιε
740 3514 887 3584 compelli,
910 3520 941 3564 ut
965 3514 1096 3565 adeuntes
1125 3513 1255 3566 honoret:
1281 3513 1330 3566 sed

248 3583 283 3633 iis
304 3590 402 3651 sponte
420 3581 550 3634 honorem
568 3583 722 3647 decernere,
748 3585 771 3636 si
793 3585 897 3637 honore
924 3583 1019 3651 dignos
1047 3583 1240 3641 aestimaverit.
1275 3584 1331 3635 Ex·

245 3652 380 3737 pendenti
400 3660 492 3705 erstem
510 3669 601 3706 secum
619 3654 719 3717 verba,
738 3659 867 3725 quoniam
886 3653 1003 3707 absurda
1021 3653 1209 3723 apparebant,
1232 3653 1331 3705 incidit

246 3723 278 3776 τό
306 3722 381 3796 qnod
411 3731 487 3784 erut,
511 3741 567 3777 non
593 3726 713 3794 ipsorum
737 3726 848 3777 honoris
876 3724 961 3793 gratis
987 3727 1058 3778 istuc
1083 3724 1154 3793 peti:
1182 3739 1274 3777 verum
1301 3730 1333 3776 nt

246 3794 301 3847 sibi
331 3803 516 3847 occurrentem
541 3792 575 3848 de
592 3799 670 3866 equis
698 3796 893 3848 descendentes
920 3812 1024 3847 somme
1049 3801 1249 3847 venerarentur.
1284 3794 1334 3846 His

252 3880 343 3918 secum
362 3866 504 3934 cogitatis,
532 3865 606 3919 domi
624 3868 731 3920 mansit.
766 3866 812 3918 lili
830 3883 889 3918 cum
913 3866 1026 3935 exsequi
1046 3864 1176 3918 meditata
1194 3881 1250 3917 non
1267 3879 1332 3931 pos·

250 3945 327 3999 sont,
352 3938 435 4004 punto
461 3944 523 4005 post
548 3946 656 4009 captato
681 3946 823 4006 tempore,
849 3938 986 4007 equitanti
1013 3943 1157 3990 occurrunt
1176 3950 1207 3986 nc
1224 3936 1258 3988 de
1276 3933 1331 3984 suis

252 4008 384 4059 iumentis
403 4006 569 4073 defluentes,
589 4026 650 4060 enm
672 4007 842 4061 adorabundi
861 4009 988 4060 salsrtont.
1030 4005 1140 4059 Deinde
1159 4005 1266 4061 domum
1285 4021 1330 4055 eo·

253 4078 397 4138 enitentes,
425 4095 482 4132 non
505 4080 622 4149 pristino
651 4096 726 4133 more
750 4078 957 4149 usiequituntes,
986 4078 1033 4129 sed
1052 4078 1118 4130 soris
1137 4092 1220 4147 equos
1246 4073 1333 4125 relin-

255 4158 372 4216 quentes
400 4156 428 4201 et
455 4152 532 4203 iusto
556 4151 674 4219 pedibus
700 4150 892 4213 ambulantes,
918 4150 1009 4199 rutum
1033 4149 1115 4201 simui
1132 4146 1244 4217 ingressi
1261 4150 1334 4196 sunt

255 4217 307 4273 lile
330 4228 476 4291 utrumqne
500 4224 664 4293 permoleste
687 4223 763 4276 tulit.
806 4220 869 4275 Post
896 4222 926 4273 in
943 4219 1037 4273 orbem
1060 4218 1335 4299 “circumsistentes
