2934 4700
261 207 350 315 414
640 236 942 333 ,nutam

5 378 7 397 ¹
116 406 253 480 3031343
263 408 315 463 νος
345 390 400 453 καί
435 387 550 473 νόμους
582 390 691 476 φιλίας
723 386 840 474 α’νδρός
878 387 999 468 εἰδότος
1035 388 1113 474 ἔργα
1144 392 1242 459 εἵλετο
1275 412 1353 454 ποι-

164 494 332 577 mestit,
364 486 456 569 ὑμεῖς
480 488 516 551 δέ
546 487 766 573 πονηροτάτων
785 488 841 553 κατ’
860 491 978 555 σκαιῶν
1016 488 1091 567 τούς
1117 489 1253 575 τρόπους
1286 492 1350 554 κατ’

261 588 294 652 ἓν
325 588 416 653 τοῦτο
447 580 546 668 μόνον
578 588 682 663 καλῶς
702 584 852 672 εἰδότων,
879 596 1025 672 πολεμεῖν
1054 592 1109 655 καί
1141 588 1352 675 διαφθείρειν

169 683 338 761 assuendo
356 687 602 770 προστυχόντος,
623 679 759 775 ῶφελεΐν
785 689 820 752 δὲ
841 682 993 770 uittae?
1035 690 1052 753 ό
1081 692 1179 773 μέγας
1205 692 1241 752 δὲ
1270 688 1352 767 δσόξ

261 787 295 862 ἔξ
316 784 477 868 ἀγχινοίας
502 789 599 870 δῆθεν
626 788 772 869 συγχέειν
791 789 846 852 τόν
864 787 1029 873 βάρβαρον
1054 789 1184 870 έθέλων,
1205 783 1370 871 „adnotat

262 880 446 967 όμολογεῖς”
466 876 534 949 εἶπε
552 934 573 966 ,,
581 881 636 950 τόν
655 884 713 951 σόν
738 884 893 972 δεσπότην
915 889 1029 952 δοῦλον
1051 882 1134 953 εἶναι
1154 880 1349 952 Καντακσυ-

262 985 381 1073 ζηνῷ,·”
402 982 419 1049 ό
442 985 477 1050 δέ
497 988 574 1067 ,καί
593 980 733 1068 μάλιστα
742 990 761 1017 ”
780 978 846 1051 εἷπε
876 986 963 1067 „aui
980 985 1037 1072 τὴν
1051 987 1168 1073 οἰκριβῆ
1186 988 1346 1069 δουλείαν,

260 1088 337 1148 καθ’
357 1080 449 1167 duni
476 1082 597 1168 οἷγαθοό
622 1083 700 1161 τοός
729 1083 866 1172 τρόπους
886 1086 1040 1171 ἡττῶνται
1067 1090 1132 1152 τῶν
1160 1089 1260 1150 καλῶν
1287 1085 1349 1152 καὶ

255 1176 418 1268 ,ἄχθονται
439 1182 660 1266 ἀποσπώμενον
690 1188 749 1249 τοῦ
785 1183 947 1253 δουλεύειν
965 1197 1029 1263 τοῖς
1048 1187 1214 1267 τοιοότοις,
1234 1180 1341 1271 ῶσπερ

234 1318 239 1333 =
260 1284 316 1348 καί
333 1282 424 1364 όμεῖς
451 1284 631 1369 μοχθηρίας
650 1281 707 1348 καί
728 1280 849 1370 φθόνου
877 1283 934 1350 καὶ
959 1288 1154 1372 πανουργιλις
1183 1281 1392 1371 πεφόκατειο

260 1384 370 1449 δοῦλοι
390 1382 539 1469 ἀκριβῶς.
579 1379 697 1468 ταύτην
721 1382 784 1468 γὰρ
805 1381 891 1468 κῶγῶ
915 1386 1059 1450 δουλείαν
1088 1382 1232 1468 όμολογῶ
1261 1379 1345 1449 εἶναι

262 1481 411 1568 όληθῶς,
431 1476 554 1567 καθ’ἢν
574 1483 745 1547 δουλοῦται
763 1480 784 1567 ἧ
805 1484 918 1568 ψυχή·
946 1481 1003 1569 την
1027 1485 1062 1550 δὲ
1084 1486 1120 1549 ἐκ
1138 1484 1200 1548 τῶν
1217 1476 1344 1568 χρημό-

263 1606 326 1650 των
344 1579 413 1659 καί,
426 1584 662 1666 αἰχμαλωσίας,
686 1575 724 1645 ori
745 1586 853 1670 ψυχῆς
874 1576 974 1666 εἶναι,
1003 1581 1084 1649 όλλό
1106 1581 1250 1664 σώματος
1268 1588 1345 1667 βια·

260 1683 394 1765 ζομένου
425 1678 592 1757 ἀκουσίως.
634 1676 740 1769 διόπερ
762 1681 883 1768 ἐκείνην
902 1680 1014 1760 πάντες
1033 1707 1066 1750 τε
1090 1686 1246 1766 μισοῦμεν
1272 1684 1341 1748 έπί·
1419 1700 1429 1727 ’

202 1828 205 1833 >
260 1808 319 1869 σης
348 1783 405 1847 καί
431 1783 528 1846 παντί
555 1774 661 1870 τρόπῳ
696 1782 920 1868 όπιχειρρόμεν
950 1782 1172 1872 διαφεύγειν.”
1211 1776 1385 1864 daupei-15

231 1896 373 1959 Βοαντες
392 1883 428 1947 δέ
450 1881 562 1946 ἐκείνοι
581 1885 638 1966 τῆς
659 1885 815 1958 συνέσεως
834 1881 890 1947 τόν
909 1879 1084 1969 βόρβορον,
1107 1876 1217 1967 ,ἄλλα
1241 1884 1340 1947 ταῦτα

254 1987 340 2071 pist
363 1976 452 2049 εἷπον
479 1983 625 2065 ,,έῶμεν.
669 1980 788 2067 οὐγὰρ
822 1982 924 2048 aaron
955 1985 1082 2049 δεῖσθαι
1114 1987 1169 2066 τῆς
1196 1979 1274 2068 πρός
1298 1985 1337 2053 τό

254 2087 368 2171 βελτίω
389 2082 619 2167 παραινέσεως·
647 2081 699 2166 ἐφ’
720 2075 742 2145 ἃ
763 2083 799 2146 δέ
819 2081 958 2163 μάλιστα
977 2081 1169 2168 τρεψῶμεθα
1191 2078 1211 2165 ἦ
1239 2106 1339 2149 σπου.

254 2181 333 2270 δη’.”
359 2182 414 2246 καί
434 2178 549 2245 αὐτίκα
569 2177 623 2244 τόν
645 2182 776 2244 Λουκῶν
794 2181 827 2246 Γ
823 2175 954 2266 εῶργιον
982 2181 1116 2268 ᾑροῦντο
1144 2180 1338 2269 πρεσβευτὴν

252 2279 334 2369 πρός
353 2279 409 2345 τόν
426 2277 566 2366 Ἅμοδρ,
586 2272 717 2368 eripede
736 2302 769 2344 τε
789 2275 900 2363 ἔχοντα
921 2277 999 2368 πρός
1018 2279 1076 2359 τός
1096 2284 1264 2370 πρεσβείας
1283 2281 1379 2349 καίεο

253 2373 358 2459 ditor
391 2377 569 2465 ἐπιτήδειον
597 2369 672 2444 όντα
699 2381 745 2469 τῷ
773 2377 937 2469 σατράπῃ·
973 2374 1012 2465 ἦν
1041 2378 1102 2468 γόρ
1137 2369 1193 2447 καί
1222 2382 1335 2466 πρότε-

253 2506 310 2570 ρον
332 2476 497 2564 ῶμιληκοός
525 2481 581 2544 καί
607 2479 707 2543 δοκῶν
738 2480 772 2544 έν
792 2481 947 2567 συνηθείᾳ
975 2473 1067 2547 εἶναι.
1107 2482 1177 2546 iuri
1205 2484 1240 2547 δὲ
1261 2473 1334 2568 ἧκον

251 2577 331 2666 πρός
359 2582 476 2645 ἐκεῖνον
499 2575 555 2642 καί
581 2575 775 2662 όπὴγγελλον
794 2576 835 2644 τό
856 2580 912 2664 τῆς
930 2582 1111 2666 πρεσβείας,
1138 2580 1254 2665 Ἀμοόρ
1275 2584 1333 2662 μὲν

251 2675 439 2756 οἰακίζεσθαι
459 2673 561 2742 ἐδόκει
581 2675 636 2742 καί
654 2676 849 2765 διηγόρευεν
870 2675 1021 2753 tumori·
1063 2677 1170 2746 ἔπειτα
1199 2678 1242 2757 ῶς
1265 2682 1331 2746 ε’πι·

322 2805 348 2873 4.
367 2799 492 2874 dustria
508 2799 540 2858 tt
557 2798 663 2860 οδδίνα
683 2820 737 2857 ona
747 2805 774 2857 P.

251 2934 282 2981 et
296 2924 497 2996 magnanimum
521 2922 710 2995 gerendaeque
737 2923 875 2978 amicitiae
895 2941 952 2978 nou
973 2925 1130 2995 imperitum
1160 2921 1262 2979 imitari
1279 2939 1330 2976 vo-

250 2998 338 3052 lniare
347 3034 357 3061 ,
381 3013 429 3050 ror
455 3002 545 3048 autem
563 2994 824 3078 improbiuimorum
842 3012 873 3049 ue
891 2994 1053 3048 rtolidorum
1072 3012 1161 3050 morea
1171 3032 1180 3058 ,
1200 3005 1229 3048 et
1247 3012 1329 3047 unum

252 3068 396 3122 dumtaxat
411 3081 473 3117 non»
484 3067 555 3119 male
573 3074 707 3129 ruentes,
726 3068 837 3136 quosvis
856 3082 1013 3137 oppugnare
1032 3074 1061 3126 et
1078 3066 1242 3127 interlicere,
1259 3065 1330 3117 nulli

250 3149 343 3193 autern
361 3138 497 3208 prodente.
514 3135 567 3190 llic
587 3152 698 3205 magona
716 3134 771 3188 dux
790 3141 908 3206 argutari
927 3138 1020 3191 volent
1047 3145 1076 3190 et
1099 3136 1217 3190 barbaro
1244 3135 1329 3207 pudo-
1355 3141 1365 3156 ’

251 3228 309 3264 rem
327 3213 460 3269 incutere,
487 3206 583 3277 Quid?
599 3208 705 3259 laterin'
724 3222 798 3275 ergo,
808 3208 951 3261 dominum
972 3215 1048 3260 tuum
1067 3209 1254 3262 Cantacuzeno
1273 3223 1327 3261 rer-

250 3281 331 3334 rire?
358 3282 413 3351 ligo
436 3293 500 3331 vero
529 3278 634 3340 fateor,
653 3278 801 3348 respondet
818 3279 939 3345 legatur,
958 3285 987 3330 et
1005 3278 1115 3350 quidem
1133 3278 1255 3349 perlecta
1273 3295 1328 3331 aer·

250 3353 354 3414 vitute,
382 3363 438 3422 qua
463 3347 531 3401 boui
555 3347 608 3399 riri
631 3347 778 3401 vincuntur
799 3365 815 3401 a
840 3348 939 3412 ironia,
957 3365 1019 3408 ‚nee
1037 3350 1097 3403 tine
1122 3349 1247 3400 molestia
1265 3348 1328 3401 inda

249 3418 460 3473 abstrahuntur:
489 3416 716 3491 quemadmodum
746 3426 774 3470 et
797 3434 844 3472 roa
870 3419 905 3471 nd
923 3422 1081 3473 servitutem
1101 3419 1242 3489 pravitati,
1259 3418 1328 3470 iuri·

249 3488 329 3554 diae,
347 3488 492 3542 calliditati
511 3488 656 3559 diligenter
673 3489 842 3541 serviendam
859 3497 957 3543 natura
975 3493 1123 3561 comparati
1140 3488 1214 3541 ertia.
1254 3489 1328 3540 ilaue

249 3561 354 3643 quippe
372 3568 401 3612 et
419 3576 468 3630 ego
486 3561 645 3611 aervitutem
665 3573 755 3610 reram
775 3575 833 3612 aare
851 3569 980 3622 autumo,
999 3578 1052 3631 qua
1071 3576 1099 3613 re
1116 3559 1224 3612 animur
1241 3558 1327 3611 rubii·

248 3634 305 3686 eit:
325 3631 401 3681 rllam
422 3637 522 3690 antem,
552 3645 612 3682 uam
630 3628 736 3681 venditi
754 3636 783 3682 et
802 3631 901 3701 captivi
919 3631 1137 3700 patiuntur,non
1157 3630 1242 3681 animi
1260 3644 1326 3690 erre,

247 3701 298 3755 red
316 3701 454 3771 eorporir,
471 3646 549 3770 quod
564 3699 655 3751 animo
676 3707 843 3770 repugnante
862 3700 973 3754 rubetae
990 3702 1102 3770 cogitur.
1120 3700 1210 3771 Quam
1228 3696 1327 3753 ideireo

248 3787 343 3828 omnes
370 3772 522 3843 aequaliter
547 3769 653 3824 odimur
679 3778 708 3822 et
731 3770 800 3823 velia
828 3775 966 3843 remiaque
991 3778 1107 3841 effugere
1125 3772 1248 3824 nitimur.
1282 3768 1326 3821 llli

246 3842 422 3914 prudentiam
451 3840 561 3895 barbari
585 3839 765 3906 admiranter,
795 3843 849 3897 Sed
874 3844 940 3896 haee
966 3843 1095 3915 quidem,
1115 3843 1210 3902 aiunt,
1230 3840 1325 3891 mitta·

246 3929 321 3980 rnna,
340 3930 395 3966 non
416 3913 490 3967 enim
509 3919 558 3965 tua
575 3912 610 3965 ad
628 3913 757 3965 virtutem
774 3913 962 3968 cohortatione
978 3930 1107 3984 egemus,
1124 3911 1172 3965 aed
1189 3908 1255 3981 quid
1274 3925 1325 3977 po·

243 3985 381 4040 tiaaimum
397 3999 518 4057 agamus,
536 3984 565 4037 id
583 3983 757 4054 quaerimua;
775 3985 920 4055 rtatimque
930 3984 1076 4054 Georgium
1094 3984 1192 4035 Lucam
1208 3978 1325 4047 legatum

244 4054 282 4108 ad
307 4055 450 4108 dmurium
477 4053 620 4124 deligunt,
646 4052 878 4108 accommodatum
905 4055 941 4107 ad
966 4051 1019 4109 hoe
1042 4069 1141 4105 manua
1172 4060 1200 4104 et
1222 4048 1326 4119 alioqui

243 4124 368 4182 eiuadem
393 4132 518 4194 satrapae
541 4126 675 4189 amicum,
699 4132 728 4176 et
746 4131 777 4174 ut
794 4142 828 4177 ex
850 4127 936 4194 priori
954 4123 1153 4179 contuetudine
1170 4120 1324 4190 apparebat,

243 4198 328 4252 etiam
345 4196 514 4256 familiarem.
542 4194 585 4253 ad
602 4211 664 4249 eum
684 4203 717 4250 ut
732 4195 809 4254 uenit
824 4193 1044 4270 legationemque
1063 4193 1227 4267 explicavit,
1242 4192 1324 4245 enu-
