2934 4700
437 228 722 296 msnonranmr
755 236 811 296 ur.
841 237 874 306 9.
1156 204 1230 295 65

144 387 235 454 τούτο
254 385 382 465 ἐννοεῖν,
403 384 447 460 ιδς
467 390 592 461 πολλοῖς
619 386 683 449 τῶν
707 388 865 468 βασιλέων
886 389 1069 452 τελευτῶσιν
1087 386 1109 474 ἦ
1132 387 1300 474 decipi-M.
1312 390 1374 463 riis

144 486 235 572 ρησις
252 484 370 566 ἐγενετο
388 485 451 548 τιύν
471 483 611 562 παίδων,
638 482 767 560 ούδενύς
790 479 896 561 αύτοΐς
909 484 966 569 τὴν
981 486 1132 570 ἀκαιρίαν
1150 493 1327 569 pseu-mm

143 585 296 670 φαμένου,
319 579 400 646 ἀλλά
422 581 555 664 πάντων,
578 577 684 668 ιύσπερ
707 586 828 649 δίκαιον
849 577 902 668 ἦν,
921 586 1145 668 λογιζομένων,
1168 584 1232 666 μα’-

142 687 233 746 λιοτα
254 679 422 766 προσήκειν
441 683 475 745 ἐν
501 690 567 759 τοῖς
588 682 741 757 τοιούτοις
763 691 906 768 καιροῖς,
936 684 973 747 ού
1001 686 1124 770 τρυφῆς
1143 684 1232 748 ἕνεκα

123 777 197 845 διαί
221 778 355 865 ἡδονῆς,
381 777 461 844 ἀλλά
491 782 550 843 τού
571 783 731 865 μηδεμίαν
754 783 916 868 πρόφασιν
943 778 1080 857 στύσεως
1101 781 1156 846 καί
1173 807 1232 846 τα-

141 881 246 965 ραχῆς
280 862 463 963 ἐγγενέσθαι
496 888 559 955 τοῖς
586 886 727 963 πολλοῖς,
763 877 888 947 πάντων
919 873 979 967 ἤδη
1015 881 1230 961 πεπεισμένων

141 977 308 1063 ἀκριβῶς,
340 973 384 1054 αἶς
404 973 466 1040 ύπό
486 970 619 1061 βασιλέα
649 982 775 1045 τελοῦσι
804 982 859 1046 καί
886 982 975 1056 δίκας
1001 976 1139 1045 δώσουσι
1169 981 1258 1063 τῆςῐ)

140 1073 338 1161 παρανοίας,
376 1069 417 1140 ἀν
449 1076 632 1161 ἐπιχειρῶσι
662 1077 850 1158 στασιάζειν.
891 1076 1024 1167 παρῄνει
1058 1102 1092 1145 τε
1129 1081 1229 1167 αύτῇ,

141 1170 218 1249 τούς
236 1175 297 1255 μὲν
317 1175 441 1239 ἐκείνων
461 1173 569 1258 λύγους
587 1178 714 1262 χαίρειν
737 1179 813 1264 ἐᾷν,
839 1175 956 1253 αύτούς
977 1179 1013 1242 δὲ
1034 1187 1153 1263 χωρεῖν
1176 1177 1232 1242 ἐπὶ

104 1270 177 1338 rori
199 1268 304 1358 ἔργον,
328 1271 372 1348 ὦς
393 1266 460 1353 ἅμα
484 1276 645 1351 λυσιτελὲς
664 1276 720 1338 κατ’
740 1279 862 1339 δ’ύιαιον
882 1268 929 1346 ἐν.
971 1272 991 1358 ἦ
1013 1277 1048 1340 δὲ
1065 1275 1111 1361 μη
1131 1282 1229 1340 πολυ-

140 1379 332 1454 πραγμονεῖν
353 1372 469 1455 ἐδεῖτο,
487 1365 568 1436 ἀλλά
580 1377 637 1437 νῦν
650 1374 709 1453 μὲν
728 1377 785 1461 igin
797 1372 851 1437 διὰ
872 1372 930 1448 τάς
951 1369 1044 1451 δόξας
1067 1376 1131 1437 τῶν
1150 1379 1228 1437 πολ-

143 1471 230 1550 λῶν,
252 1468 342 1559 ἀλίγιρ
374 1473 410 1535 δὲ
432 1464 565 1556 ύστερον
584 1479 705 1553 ποιεῖν,
726 1472 818 1556 ἡνίκα
840 1467 879 1537 ἀν
899 1474 955 1559 ἐξῇ
974 1473 1030 1535 καί
1048 1470 1106 1549 τοὶς
1125 1472 1230 1535 λοιδο-

142 1569 218 1657 ρίας
234 1566 425 1655 διαφεύγειν.
468 1567 484 1634 ὅ
504 1573 602 1653 μέγας
624 1572 658 1633 δέ
683 1573 866 1652 δομέστικος
884 1568 964 1657 πρὸς
982 1571 1043 1651 μὲν
1063 1571 1118 1656 τῆς
1135 1575 1230 1652 βασι,

141 1667 228 1741 λίδος
248 1665 304 1753 τὴν
324 1665 470 1733 ἔνστασιν
491 1667 585 1734 ούδέν
605 1669 769 1734 ἀπεῖπεν·
802 1664 921 1754 ἤχθετο
943 1671 979 1735 δὲ
987 1721 997 1753 ,
1023 1663 1070 1735 δἐι
1091 1663 1148 1732 ούκ
1169 1669 1231 1734 αύ-

103 1766 187 1853 ιὸτῷ
208 1764 247 1831 τοὶ
261 1768 394 1849 βελτιοο,
414 1767 484 1831 ἀλλ’
498 1762 617 1850 ἑτέροις
635 1771 802 1851 ἀλυσιτελῆ
820 1772 1058 1852 βουλευομένοις
1075 1768 1230 1833 nerbono.

138 1865 242 1930 ἐκεῖνο
261 1867 322 1946 μὲν
341 1862 439 1943 ούτως
458 1863 617 1951 ἐκωλύθη.
637 1871 742 1955 μικρῷ
775 1869 810 1932 δὲ
830 1863 963 1953 ὕστερον
981 1866 1161 1952 ἠγγέλλετο,
1185 1865 1229 1944 ὥς

141 1966 313 2050 Σορχύνης
337 1962 354 2028 ὅ
376 1967 506 2040 Λυδίας
525 1963 688 2053 σατράπης
708 1970 764 2032 καί
781 1970 812 2032 Γ
810 1965 898 2052 ιαξης
919 1964 998 2051 πρδς
1019 1962 1147 2054 Θρᾴκην
1172 1987 1230 2029 πε-

137 2066 317 2147 paratutas
350 2063 660 2150 παρασκευάζονται,
708 2065 806 2131 ναυσὶ
830 2065 1009 2151 ληῖσόμειοι
1036 2061 1226 2144 ‘Purpurione

137 2161 157 2225 ὅ
186 2160 290 2246 μέγας
321 2164 356 2228 δέ
382 2165 559 2244 δομέστικος
587 2165 645 2227 ουἰι
672 2159 802 2248 ἠμέλει,
844 2166 911 2228 ἀλλ’
933 2162 1046 2229 αύτίκα
1069 2159 1330 2246 τριήρεις,Ρ.3γρ

97 2255 220 2336 nodone
240 2262 417 2346 ἐξαρκέσειν
438 2254 532 2353 dero,
564 2260 642 2349 πρὸς
663 2260 798 2344 πόλεμον
817 2271 882 2338 τοῖς
902 2258 1076 2348 βαρβάροις
1105 2263 1228 2325 ἐκέλευε

136 2361 290 2444 πληροῦν.
315 2358 372 2446 την
393 2362 428 2425 δὲ
448 2358 592 2448 ύαπύνην
609 2365 672 2427 ταῖν
684 2360 855 2447 τριηρεων,
874 2360 932 2447 την
951 2365 1010 2443 μὲν
1030 2363 1064 2425 ἐκ
1087 2363 1151 2424 τῶν
1173 2363 1229 2445 δη-

136 2460 261 2542 μοσίων
287 2467 353 2544 τοῖς
372 2460 502 2540 ταμίαις
524 2463 647 2526 ἐκέλευε
668 2464 842 2546 παρέχειν,
872 2459 932 2545 τὴν
952 2463 983 2524 δ’
1002 2456 1037 2524 ἐκ
1057 2463 1119 2524 τῶν
1138 2459 1229 2523 r’rlr'uv

136 2560 309 2645 παρείχετο
337 2555 439 2636 αύτός.
481 2559 552 2624 ε’πεί
570 2562 606 2625 δὲ
631 2557 850 2646 ἐπεπλήρωντο
862 2608 873 2643 ,
891 2568 962 2635 ταῖς
996 2561 1056 2641 μὲν
1079 2558 1229 2642 ἐπέστησε

211 2729 255 2765 ar.
271 2710 318 2777 τῆς
335 2709 367 2765 δέ
384 2708 514 2777 δαπάνης
526 2713 564 2771 Μ.

136 2830 270 2883 mesticus
301 2839 330 2884 et
354 2847 406 2883 nec
434 2831 532 2885 saltem
560 2832 697 2901 cogitare,
722 2832 816 2884 multis
834 2832 1027 2902 imperatorum
1044 2828 1226 2882 morientibus

137 2917 308 2954 succentores
325 2904 419 2956 statim
437 2902 621 2973 promulgatos
641 2917 701 2954 esse
720 2902 813 2965 iiiios,
839 2900 948 2954 nemine
967 2900 1020 2950 boc
1038 2909 1070 2953 ut
1090 2903 1227 2969 intempe-

137 2974 238 3026 stivum
259 2971 448 3041 vituperante:
470 2974 538 3042 quin
557 2973 705 3035 omuibus,
723 2980 807 3042 prout
832 2987 950 3044 aequum
974 2978 1050 3033 erat,
1082 2973 1132 3022 tali
1158 2978 1228 3022 tem·

135 3043 198 3111 puri
225 3040 256 3094 id
283 3043 573 3096 convenientissimum
602 3044 805 3106 iudicantibus,
837 3058 893 3093 nou
919 3042 998 3093 luxus
1027 3048 1055 3091 et
1077 3040 1227 3109 voluptatis

136 3113 247 3183 gratia,
273 3112 322 3165 sed
346 3130 381 3165 ne
410 3130 463 3183 qua
492 3114 571 3182 vulgo
601 3112 746 3164 seditionis
770 3127 801 3162 ac
820 3110 953 3163 tumultus
973 3110 1083 3161 daretur
1100 3109 1227 3162 occasio:

135 3185 245 3236 cunctis
266 3183 320 3233 iam
338 3199 448 3252 prorsus
465 3183 664 3246 sentientibus,
683 3200 712 3234 se
731 3183 889 3251 imperatori
914 3179 1051 3233 subiectos
1078 3187 1106 3230 et
1132 3195 1226 3232 amen·

135 3253 206 3305 tiam
226 3253 362 3318 luituros,
380 3254 402 3304 si
422 3254 571 3306 seditiones
591 3253 738 3324 agitariut:
757 3250 943 3323 monebatque
960 3250 1177 3320 imperatricem,
1196 3256 1228 3301 ut

135 3324 230 3375 valere
255 3324 337 3376 iussis
361 3340 453 3375 eorum
483 3324 668 3387 sermonibus,
692 3321 726 3373 ud
753 3340 821 3393 opus
847 3332 901 3375 tam
920 3324 989 3375 utile
1009 3336 1089 3391 quam
1109 3335 1228 3392 aequum

135 3393 309 3462 procederet
354 3395 516 3462 imperatrix
539 3409 634 3456 orare,
672 3403 790 3464 poneret
818 3394 931 3445 nimiam
965 3390 1171 3448 solicitudinem
1198 3397 1229 3441 et

134 3479 211 3516 nunc
239 3462 352 3535 quidem
377 3465 525 3516 multorum
549 3465 675 3533 opinioni
698 3481 733 3515 ne
758 3472 937 3533 repugnaret:
965 3463 1048 3532 paulo
1066 3470 1145 3529 post,
1163 3477 1228 3511 euru

138 3533 238 3587 iicebit
255 3534 470 3587 obtrectationes
489 3536 675 3603 imperitorum
698 3538 832 3603 effugere,
849 3534 978 3586 iacturam
997 3532 1071 3603 quod
1091 3530 1227 3582 suaderet

136 3603 190 3656 ille
219 3606 347 3655 renuenti
373 3605 615 3657 contradicendum
637 3623 693 3656 non
718 3607 842 3672 putavit:
869 3603 991 3675 quamvis
1020 3602 1147 3664 doleret,
1170 3616 1228 3652 uon

136 3672 205 3734 tibi,
223 3675 272 3745 qui
292 3676 419 3744 potiora,
438 3674 486 3726 sed
503 3676 579 3737 aliis,
598 3676 645 3745 qui
663 3691 759 3742 parum
778 3675 906 3744 frugifera
925 3673 1105 3734 consulerent,
1124 3686 1228 3722 morem

137 3744 206 3814 geri.
243 3747 287 3797 lta
309 3760 350 3796 scs
370 3746 482 3814 quievit.
518 3745 594 3798 Brevi
614 3745 727 3796 numius
747 3753 914 3814 apportatur,
933 3742 1109 3802 Sarcbanem,
1125 3740 1228 3809 Lydiae

136 3822 296 3883 satrapam,
326 3823 355 3866 et
378 3818 490 3882 Gyaxeu
511 3818 539 3867 iu
558 3814 700 3868 Thraciam
720 3814 854 3866 Romanos
872 3813 1066 3882 depopulatum
1085 3814 1229 3863 transmis·
1264 3855 1266 3858 ,

137 3899 229 3942 suros.
283 3883 373 3954 Quem
405 3886 531 3937 nuntium
559 3901 669 3954 maguus
701 3883 866 3937 domesticus
894 3884 1008 3934 minime
1036 3882 1228 3951 negligendum

137 3962 234 4016 ratus,
258 3956 351 4006 statim
380 3955 519 4019 triremes,
550 3965 619 4025 quot
649 3953 684 4005 ad
707 3953 832 4006 barbaris
859 3950 1054 4005 occurrendum
1080 3954 1138 4004 sore
1165 3953 1230 4001 satis

140 4023 322 4086 autumabat,
353 4023 500 4095 remigibus
527 4033 554 4077 et
579 4025 715 4076 militibus
733 4023 858 4076 adornari
885 4029 1079 4093 sumptumque
1103 4024 1132 4072 in
1159 4021 1232 4071 clas-

141 4111 197 4147 scm
215 4095 319 4165 purtim
337 4109 352 4143 a
372 4094 562 4164 quaestoribus
583 4111 615 4146 cx
630 4095 736 4146 aerario
757 4092 927 4164 suppeditari
950 4095 1107 4161 praecepit,
1130 4088 1231 4158 partim

142 4163 176 4218 de
203 4180 254 4216 suo
281 4167 341 4233 ipse
365 4166 490 4219 contulit.
527 4165 699 4220 Triremibus
726 4164 879 4231 instructis,
908 4160 1102 4234 Apoeauchum
1134 4160 1232 4212 ducem

178 4266 387 4322 θαπιαοιιεειιιιι
404 4270 441 4323 11.
1013 4266 1030 4320 5
