2934 4700
229 351 308 466 198
625 371 904 454 maerentem

76 539 136 595 Mi.
152 533 267 612 ιδλιιὸς
287 528 355 615 ἅμα
377 532 459 598 τισίν
479 528 602 613 όλίγοις,
623 530 655 594 εἰ
673 527 808 606 δόναιτο,
829 526 964 613 (aierem
983 520 1046 608 γόρ
1067 524 1125 587 orie
1146 523 1218 607 ἰνήν
1232 524 1304 589 tre-

219 638 332 700 λαθεῖν
341 634 366 720 ,)
395 627 664 716 παρελευσόμενος
694 626 740 700 εἰς
765 624 824 708 τήν
845 619 937 688 πόλιν
958 625 1013 687 καί
1031 619 1187 709 φυλάξων.
1228 615 1305 706 ήνυε

221 734 257 800 δὲ
276 733 371 796 οἰδὲν
379 780 396 813 ,,
420 731 576 813 βασιλέως
605 730 660 811 τῆς
688 721 869 810 πολιορκίας
900 722 1058 799 συντόνως
1077 720 1229 804 όχομόνου
1249 723 1306 787 καί

220 830 274 899 διό
297 827 398 915 πόσης
419 829 605 908 ποιουμένου
629 829 782 911 φυλακής.
821 819 1035 907 μηχανήματά
1054 845 1089 885 τε
1106 819 1167 905 γὰρ
1188 844 1304 887 παντο-

124 950 150 1004 Ρ.
162 928 305 1020 η55δαπό
324 932 381 995 ιιαί
397 930 551 1008 κλίμακας
570 923 650 1011 πρός
668 923 724 1007 τήν
746 920 953 1006 τειχομαχίαν
966 917 1190 1007 παρεσκεύαζε.
1232 917 1324 985 Bar-5

216 1025 329 1113 τότζης
356 1029 391 1093 tt
422 1026 531 1090 οόδενί
557 1019 661 1112 τρόπιρ
680 1030 745 1098 τοῖς
764 1022 1039 1110 πολιορκουμένοις
1058 1022 1187 1103 βοηθείν
1206 1020 1303 1086 δυνό-

216 1151 330 1212 μενος,
360 1123 439 1212 πρός
469 1126 602 1205 βασιλέα
635 1124 765 1203 πέμψας
797 1120 856 1203 τήν
876 1141 910 1184 τε
929 1111 1054 1185 εόνοιαν
1073 1115 1226 1202 ὥμολόγει
1245 1115 1302 1203 τήν

217 1231 395 1314 προτέραν,
425 1222 480 1288 καί
498 1219 539 1298 oia
561 1224 654 1288 ου’δὲν
680 1214 773 1305 ήττον
801 1214 823 1306 ἢ
841 1216 1010 1304 πρότερον,
1043 1220 1098 1283 ιιαί
1116 1218 1173 1284 νόν
1189 1211 1302 1294 τόνους

217 1330 253 1393 τό
279 1328 366 1392 ε’στιν
387 1324 472 1412 αότιῖι
500 1323 554 1388 καί
581 1324 644 1387 των
663 1318 802 1401 patera
822 1314 1006 1405 φιλούντων.
1048 1315 1164 1404 α’νόγιιη
1186 1320 1223 1382 δὲ
1242 1315 1300 1383 τόν
1364 1325 1370 1332 ’

112 1433 143 1487 V.
155 1434 204 1504 367
215 1423 350 1507 πόλεμον
369 1420 519 1488 ὑπελθεῖν
539 1424 596 1486 τοῦ
616 1417 661 1506 μή
683 1416 772 1505 παρὰ
792 1425 857 1494 τοίς
884 1409 1021 1504 όρχουσι
1035 1414 1200 1499 Ῥωμαιων
1219 1415 1348 1483 tino-ro

214 1522 398 1591 πτεόεσθαι.
440 1515 480 1586 ori
507 1517 546 1604 δή
568 1522 659 1585 ἓνεκα
688 1516 743 1583 καί
768 1519 826 1583 νόν
854 1513 893 1582 τό
916 1518 1068 1581 δοκοῦντα
1089 1510 1301 1600 λυσιτελήσειν

214 1620 453 1706 συμβουλεύειν.
498 1617 653 1703 κήδεσθαι
675 1614 733 1702 γόιρ
756 1615 795 1680 ori
812 1611 979 1698 Ῥωμαίων
999 1616 1097 1696 μόνον
1115 1611 1156 1678 τό
1179 1611 1301 1698 ἔσχατα

214 1724 249 1787 iar
276 1724 335 1784 τοῦ
357 1721 493 1801 πολέμου
523 1720 734 1798 πεισομένων,
767 1713 848 1779 etti
876 1717 932 1779 καί
950 1716 1009 1779 σοῦ
1029 1707 1081 1778 διό
1101 1710 1157 1798 τήν
1179 1714 1302 1800 φιλίαν.

214 1820 315 1883 ταῦτα
345 1818 381 1881 δέ
404 1820 486 1884 ἐστι·
528 1812 583 1880 τόν
610 1814 745 1895 πόλεμον
762 1814 991 1895 καταθέμενον,
1013 1809 1150 1888 σπονδὰς
1167 1809 1301 1896 ποιήσα-

184 1921 292 1985 Βσθαι
314 1914 395 2003 πρός
413 1913 564 1998 βασιλίδα
585 1917 661 2000 περί
676 1917 732 1999 τῆς
753 1908 888 1998 εἰρήνης.
928 1915 984 1977 ιιαί
1002 1907 1064 1994 εἴγε
1082 1908 1164 1977 roro
1174 1908 1346 1996 γνιόμηνι5

213 2016 304 2104 αότηῖ
323 2014 381 2101 εἴη,
405 2011 505 2080 αόιόν
526 2012 605 2099 πρός
625 2016 776 2096 βασιλίδα
799 2004 821 2099 ,ἧ
844 2013 976 2095 τάχιστα
997 2008 1124 2078 δόναιτο
1144 2009 1300 2077 α’πελθόν-

211 2139 253 2178 τα
274 2116 477 2192 διαλέξεσθαι
498 2116 574 2198 περι·
592 2112 725 2198 εἰρήνης.
769 2109 894 2176 οἴεσθαι
915 2113 951 2175 δὲ
971 2111 1028 2175 ιιαί
1041 2108 1160 2176 πείσειν
1175 2109 1299 2199 ῥᾷστα,

210 2211 269 2298 τήν
289 2210 434 2295 δύναμιν,
456 2206 494 2297 ήν
515 2209 607 2294 ἔχεις,
630 2209 773 2297 φανερόν
786 2206 971 2294 ποιήσαντα.
1011 2206 1219 2293 εἰιείνυυςγόρ
1234 2209 1298 2273 τῶν

210 2315 282 2378 λίαν
313 2313 473 2394 οἰομένους
500 2304 734 2378 ἀσθενεστάτων
756 2308 933 2396 προθύμως
953 2307 1124 2395 οόρμήσθαι
1142 2306 1223 2394 πρός
1242 2306 1297 2373 τόν

209 2407 356 2493 πόλεμον.
399 2410 495 2494 όμὲν
523 2404 580 2475 σόν
609 2409 776 2494 Βατοίτζης
794 2411 925 2474 τοιαῦτα
947 2403 1161 2494 όπρεσβεόετο.
1202 2413 1341 2491 βασι-ιο

209 2509 283 2588 λεός
302 2514 338 2577 δὲ
361 2512 505 2593 α’σμένως
524 2533 559 2574 τε
579 2508 703 2587 ἐδέξατο
724 2507 800 2584 τοός
821 2507 931 2593 λόγους
953 2510 1009 2573 καί
1030 2505 1108 2594 πρός
1132 2533 1202 2574 τινα
1226 2511 1295 2575 εἰιέ-

210 2615 282 2675 λευε
301 2605 396 2674 τόπον
427 2612 590 2674 συνελθεῖν
611 2608 718 2695 αότηῖ,
750 2605 783 2673 όν
803 2597 828 2698 ᾧ
851 2611 1000 2692 περὶτοῦ
1020 2599 1040 2693 ᾗ
1059 2606 1123 2693 χρή
1145 2609 1296 2690 γενέσθαι

208 2705 266 2790 τήν
287 2705 411 2791 εἰρήνην
434 2711 647 2784 διαλέξονται·
689 2708 787 2792 μηδὲν
808 2730 844 2771 τε
863 2698 1039 2791 μελλήσας,
1054 2704 1131 2791 πρός
1149 2704 1205 2771 τόν
1218 2731 1296 2773 συν-

208 2807 388 2888 τεθειμένου
413 2799 493 2890 ἦλθε
524 2803 618 2871 τόπον
645 2804 700 2871 τόν
726 2801 891 2890 Βατόιζην
918 2808 1101 2891 περιμένων.
1149 2804 1215 2873 ὅδ’
1240 2806 1296 2873 εἰτ’
1404 2864 1413 2875 .

207 3060 263 3099 noa
290 3042 403 3112 licebat)
430 3044 600 3098 clandestine
623 3045 654 3098 ia
676 3045 772 3098 urbem
795 3046 854 3097 eiua
876 3041 1007 3097 tutandae
1025 3042 1196 3114 irrumperet.
1235 3042 1291 3096 Seri

206 3116 314 3169 trustra.
351 3113 420 3165 Nam
439 3116 587 3184 imperator
604 3115 712 3168 assidua
731 3115 876 3168 obsidione
895 3114 1018 3168 instabat
1037 3120 1065 3164 et
1089 3128 1183 3168 oroneo
1200 3114 1292 3167 aditur

207 3185 331 3238 custodia
348 3183 487 3254 replebat,
506 3186 699 3256 machinasque
717 3187 874 3256 omnigenae
895 3193 924 3239 et
941 3185 1025 3237 amtor
1045 3184 1080 3235 ad
1097 3185 1204 3237 moenia
1222 3200 1294 3238 eon-

207 3254 360 3308 reendenda
379 3254 560 3324 comparabat
606 3258 726 3309 Batatzer
744 3273 805 3309 eum
824 3256 941 3309 obrerria
959 3255 1036 3308 nulla
1056 3256 1099 3307 via
1115 3265 1208 3325 poraet
1227 3271 1292 3307 aoe-

206 3340 330 3390 eurmre,
359 3324 395 3378 ad
423 3325 615 3394 imperatorem
644 3327 756 3380 mittem
775 3335 804 3380 et
820 3328 962 3396 prirtlnam
986 3324 1207 3379 benevolentiam
1225 3342 1291 3394 pro·

206 3396 317 3460 fitetur,
344 3404 372 3448 et
397 3412 487 3465 aeque
510 3406 543 3450 ut
565 3399 641 3467 priua
668 3396 897 3450 atudioaiaeimum
915 3397 991 3448 iiiior
1009 3395 1069 3448 iore
1087 3397 1237 3467 promittit:
1254 3397 1292 3450 ad

204 3465 341 3518 vitandam
373 3481 436 3519 vero
463 3468 646 3536 suspicionem
675 3466 750 3536 apud
777 3467 959 3520 Romanorum
993 3464 1135 3520 archontas
1168 3484 1197 3520 ae
1222 3466 1290 3519 haic

204 3535 281 3589 bello
298 3535 460 3590 aubmittere
481 3538 617 3591 debuirre.
654 3536 840 3607 Quamobrem
859 3544 887 3590 et
912 3553 1000 3600 nune,
1023 3552 1094 3607 quae
1120 3537 1291 3592 conductore

204 3606 326 3670 iudicet,
343 3622 494 3658 marorum.
530 3608 615 3673 Nam,
632 3614 664 3659 ut
680 3611 814 3672 amicum,
834 3623 892 3660 erae
910 3607 1074 3670 sollicitum,
1092 3609 1167 3679 quod
1183 3607 1290 3662 betium

202 3675 256 3729 hoo
281 3693 338 3729 nou
364 3676 499 3731 Romanor
518 3680 616 3742 modo,
644 3677 691 3732 aed
706 3679 796 3749 iprum
820 3694 930 3749 quoque
950 3679 1167 3733 Cantaouzenum
1186 3679 1292 3748 gravia·

203 3747 272 3800 aime
295 3746 459 3801 afflicturum
487 3750 532 3803 ait
568 3750 633 3802 ane
660 3756 753 3803 autem
777 3749 856 3814 haec,
883 3765 953 3819 quae
973 3748 1096 3807 suadeat.
1138 3751 1174 3804 Ut
1189 3749 1290 3821 peritia

204 3818 287 3869 armis
305 3818 402 3871 foedus
420 3821 495 3888 βιαία
513 3837 573 3872 eum
592 3822 764 3891 imperatrice
785 3820 868 3874 feriat
887 3825 928 3883 et,
946 3819 969 3871 ai
991 3819 1107 3889 placeat,
1127 3821 1187 3889 ipre
1205 3836 1290 3891 quarn

201 3889 320 3960 primum
345 3887 381 3939 ad
408 3905 468 3941 eam
496 3891 700 3959 proiieireatur,
727 3891 762 3944 de
779 3906 846 3962 paee
865 3908 925 3943 cum
943 3890 1038 3942 eadem
1055 3898 1181 3944 acturos:
1205 3906 1288 3962 quam

201 3960 299 4029 utique
325 3959 444 4012 iiexorua
471 3961 526 4025 ait,
550 3961 574 4014 ai
603 3979 680 4014 auom
706 3961 751 4014 ilii
778 3960 928 4030 potentiam
953 3960 1110 4026 declarate
1131 3977 1193 4014 nam
1211 3961 1287 4030 quod

201 4030 415 4083 infirmissimum
440 4038 588 4099 putarent,
614 4033 678 4085 ideo
704 4031 871 4084 adversarior
896 4030 1009 4083 eiurari
1032 4047 1106 4084 arma
1122 4032 1284 4102 provolarae.

109 4118 112 4127 ’
200 4100 280 4153 Talia
299 4105 419 4154 Batatzea
438 4116 487 4168 per
505 4103 723 4157 internuntium:
743 4105 819 4155 cuiua
839 4102 984 4155 consilium
1001 4102 1148 4171 imperator
1164 4102 1285 4156 libenter

201 4171 308 4224 audivit
325 4179 502 4242 aeque-certo
520 4172 579 4225 loco
598 4175 743 4227 convenire
764 4172 858 4235 irretit,
884 4172 932 4224 ubi
951 4172 985 4226 de
1011 4176 1087 4242 pecie
1115 4170 1284 4226 conditioni·

202 4239 253 4290 bur
277 4243 350 4295 inter
375 4257 403 4291 ac
431 4241 671 4313 eolioqrrerrntur3
702 4246 805 4313 etipse
837 4244 896 4300 aine
913 4260 986 4296 mora
1004 4242 1039 4292 ad
1065 4252 1171 4314 pactum
1190 4242 1282 4296 locum

193 4309 294 4373 evenit,
314 4312 442 4366 Batatzen
465 4322 642 4383 exspectans,
668 4316 716 4387 qui
734 4315 790 4371 aive
808 4322 905 4385 suopte
921 4322 1009 4378 autu,
1026 4316 1083 4370 rive
1098 4314 1211 4372 alterius
1229 4316 1283 4371 im·
