2934 4700
247 250 299 337 52
645 278 928 345 mortennani

93 438 160 525 'tib
173 434 421 513 rttrdopriomor
452 425 566 516 ἥπτετο
595 432 769 516 προθύμως
798 435 862 499 τῶν
891 425 1103 519 πραγμάτων,
1135 426 1327 520 βιβαιόιςῆ-

242 533 281 616 δη
301 534 376 614 περί
402 534 465 597 τῶν
492 528 669 613 μελλόντων
696 529 780 615 ἔχων
809 528 867 606 τάς
887 531 1017 608 ε’λπίδας
1037 533 1093 596 καί
1111 527 1206 599 οόδὲν
1225 530 1326 599 δεινόν

243 630 395 701 ὑπονοῶν.

133 736 160 787 P·
179 737 226 806 37·
322 727 358 809 ζ.
400 732 456 804 Εἰς
477 730 535 814 την
556 729 727 815 όστεραίαν
741 731 776 794 δὲ
795 731 919 795 ἐκέλευε
937 727 1233 814 τυόςἈλεξάνδρου
1248 753 1326 814 πρε-

125 807 163 869 V·
176 809 223 862 ³⁰¹
238 826 374 912 σβευτάς
393 832 439 905 εἰς
456 826 494 894 τά
513 831 661 910 βασιλεια
682 826 848 909 ἐλθόντας,
869 832 943 913 περί
962 817 1006 893 ὧν
1023 827 1152 914 ἥκουσιν
1170 825 1346 913 ἀπαγγέλ-5

238 934 315 993 λειν.
355 925 384 991 οἱ
416 929 451 993 δὲ
480 919 573 1012 ἧκον,
608 926 664 992 καί
689 926 764 1001 τοός
793 921 905 1011 όρκους
925 925 1073 1011 ἔχοντες,
1095 924 1151 1002 οὒς
1173 925 1326 1011 βασιλεός

237 1026 534 1112 πρόςἈλὲξανδρυν
545 1026 600 1093 ε’πί
612 1031 649 1114 τῇ
663 1024 770 1113 εἰρήνη
785 1028 931 1107 ἐποιεῖτο,
952 1025 1087 1113 η’τοῦντό
1101 1050 1135 1091 τε
1147 1025 1257 1100 αότοϊς
1269 1023 1324 1090 τόν

208 1127 398 1213 ΒΣάτμανον
410 1128 595 1209 ἐγχειρίζειν
609 1128 756 1207 πολέμιον
768 1117 844 1189 ὅντα
857 1126 899 1212 τῷ
912 1128 1054 1213 σφετέρῳ
1066 1130 1201 1205 βασιλεῖ,
1216 1118 1238 1209 ἢ
1250 1122 1325 1199 τοός

237 1218 351 1308 όρκους
375 1222 632 1307 ἀπολαμβάνειν,
656 1222 698 1300 ἀς
719 1218 826 1287 οόκέτι
846 1227 901 1307 τῆς
920 1221 1044 1308 εἰρήνης
1063 1226 1223 1309 ἐσομένης.
1263 1249 1324 1307 μη-

237 1325 273 1388 δὲ
305 1320 366 1408 γάρ
389 1318 429 1386 ἀν
455 1318 535 1388 εἰναι
563 1319 703 1405 δίκαιον,
731 1325 813 1407 μηδὲ
836 1321 962 1388 ἀνεκτόν
984 1322 1110 1405 αιίτοῖς,
1132 1320 1248 1399 αἰετός
1267 1326 1367 1404 pirro

236 1423 390 1510 ἀσφαλεῖς
411 1416 493 1488 εἶναι
512 1425 567 1487 καί
584 1423 733 1505 βεβαίους
755 1425 867 1510 φιλους
899 1419 955 1486 καί
974 1421 1165 1504 συμμάχους
1187 1422 1325 1502 Ῥωμαί-

236 1544 297 1600 οις,
319 1522 457 1599 ἐκείνους
467 1522 502 1585 δὲ
517 1523 758 1604 παρασπονδεῖν,
771 1519 845 1597 τοός
860 1521 969 1595 αἰτοῖς
981 1518 1233 1601 πολεμιωτάτους
1245 1520 1324 1584 ὕπο·

236 1620 433 1704 δεχομένους.
475 1619 505 1689 οἱ
533 1622 593 1700 μὲν
620 1613 677 1684 οὖν
698 1623 846 1705 πρέσβεις
868 1624 999 1684 τοιαῦτα
1018 1612 1121 1700 εἶπον,
1153 1610 1246 1701 όγκου
1268 1619 1325 1683 καί

235 1716 436 1808 φρονήματος
465 1722 702 1803 πεπληρωμένοι
733 1718 788 1783 καί
815 1713 892 1783 ου’δδ
912 1718 1070 1783 ἀντειπεῖν
1091 1713 1227 1798 οἰόμενοι
1243 1715 1323 1781 Ῥω-

232 1820 373 1902 μαίους,
404 1814 471 1881 ἀλλ’
499 1817 614 1882 adtrito
642 1820 829 1903 ἐγχειρίσειν
865 1817 1041 1899 Σίσμανον,
1073 1816 1237 1890 δείσαντας
1263 1815 1363 1884 τόνιὸ

232 1918 373 1998 πόλεμον
392 1913 447 1981 τόν
467 1914 547 2002 πρός
568 1914 694 1992 αάτοός.
737 1917 756 2001 ἦ
777 1918 904 1999 βασιλίς
932 1919 966 1980 δὲ
990 1918 1130 2003 ἐκέλευεν
1143 1914 1253 1989 αάτοῑς
1266 1911 1322 1979 τόν

233 2018 333 2098 μέγαν
366 2016 546 2096 δομέυτικον
575 2017 784 2100 χρηματίζειν
803 2014 859 2079 καί
877 2016 951 2099 περὶ
969 2005 1014 2078 ὧν
1034 2017 1177 2078 αἰτοῦσιν
1190 2012 1321 2097 ἀποκρί-

210 2117 362 2179 crearat.
406 2112 422 2178 ό
449 2116 484 2178 δὲ
510 2118 621 2199 πρῶτα
648 2116 709 2195 μὲν
738 2116 896 2199 ἐμέμφετο
918 2113 1040 2195 αάτοῖς,
1060 2108 1104 2188 σός
1125 2112 1181 2175 oda
1202 2113 1253 2197 ἐφ’
1274 2104 1322 2187 οἷς

232 2212 370 2297 προσῆκε
384 2210 440 2297 τὴν
454 2206 564 2298 ἀφιξιν
578 2213 808 2298 πεποιημένοις.
849 2210 914 2277 ἔδει
927 2211 987 2296 γάρ
999 2211 1134 2292 βασιλέα
1150 2208 1206 2276 τόν
1219 2211 1319 2295 ὑμῶν,

233 2309 326 2398 φιλον
355 2303 429 2378 όντα
458 2316 514 2377 καί
541 2312 663 2398 πατέρα
695 2312 849 2397 κηδεστοῦ
883 2314 928 2400 τῷ
947 2308 1175 2395 τετελευτηκότι
1195 2315 1362 2392 βασιλείου

227 2410 401 2493 Ῥωμαίων,
423 2409 466 2496 pr)
491 2421 555 2487 τοῖς
575 2410 694 2475 ἐκείνου
721 2413 819 2475 παισί
832 2408 968 2492 πόλεμον
987 2412 1113 2494 ἐπάγειν
1137 2408 1192 2473 καί
1210 2404 1320 2473 διαλό·

232 2511 474 2593 εινπειράσθαι
501 2507 558 2586 τάς
579 2506 717 2585 σπονδάς
738 2512 786 2575 ἐπ’
807 2511 924 2586 αἰτίαις
945 2502 981 2573 οό
1003 2511 1152 2583 δικαίαις.
1193 2506 1263 2571 ἀλλ’
1289 2504 1324 2571 εἴ

232 2631 306 2673 τινα
335 2606 391 2672 καί
416 2603 568 2692 πρότερον
597 2603 664 2691 εἶχε
691 2597 772 2692 πρός
811 2609 927 2673 ἐκεῖνον
954 2605 1115 2693 πρόφασιν
1142 2607 1319 2692 διαφορᾶς,

176 2774 181 2785 ,
238 2703 361 2789 ταότην
387 2707 554 2772 καταλόειν
581 2709 638 2772 νῦν
678 2704 736 2770 καί
760 2703 963 2794 βεβαιότερον
982 2701 1003 2792 ἢ
1022 2704 1176 2794 πρότερον
1195 2703 1318 2792 φυλάτ-

234 2927 325 2984 εελυι,
352 2922 481 2992 qnoniam
507 2920 764 2990 advesperascebat,
794 2922 855 2994 ipae
880 2922 990 2976 domum
1021 2920 1161 2974 concessit
1202 2919 1317 2990 Magnae

233 2990 399 3045 domentiam
427 2996 482 3045 iam
505 3010 553 3063 apo
576 2993 728 3045 futurorum
754 2993 835 3046 nixna
856 3000 884 3046 et
902 2994 975 3046 nibil
1000 2992 1150 3062 quidquam
1174 2990 1317 3043 ainiatrum

232 3063 365 3132 opinione
383 3065 571 3133 praecipiens,
590 3062 624 3114 ad
643 3064 752 3132 imperii
769 3063 994 3131 gubernationem
1012 3063 1134 3119 accensit.

303 3148 327 3202 γ.
364 3133 497 3187 Portridie
515 3133 663 3188 Alexandri
680 3133 751 3203 regia
769 3133 870 3202 legator
894 3136 923 3185 in
944 3134 1078 3203 palatium
1100 3130 1219 3195 accitos,
1248 3132 1317 3203 quid

231 3204 359 3257 venirent
373 3204 558 3274 interrogavit,
593 3203 649 3272 Qui
672 3203 874 3267 iuramentum,
899 3203 974 3285 quod
996 3206 1144 3274 imperator
1162 3203 1316 3255 Alexandro

231 3275 307 3342 pacit
332 3289 395 3343 argo
419 3272 546 3336 dederat,
570 3272 747 3336 exhibentes,
773 3280 866 3341 petere
890 3281 987 3337 arunt,
1012 3280 1061 3324 aut
1084 3273 1236 3325 Siamanum
1260 3271 1318 3324 ribi

231 3344 362 3410 reginoni
381 3342 486 3395 boetem
504 3343 584 3405 tradi,
602 3349 651 3394 aut
668 3344 865 3404 iuramentum,
890 3350 921 3394 ut
939 3359 1007 3414 pace
1025 3345 1077 3393 iam
1103 3342 1196 3405 irrita,
1220 3342 1317 3412 recipi.

231 3411 331 3480 Neque
356 3414 428 3464 enim
453 3414 512 3464 fore
537 3415 640 3464 iustum
666 3423 714 3466 aut
742 3412 906 3476 tolerabile,
936 3416 1008 3483 ipaoa
1039 3412 1151 3485 quidem
1175 3420 1262 3464 certor
1287 3420 1318 3465 et

233 3489 387 3534 eonatantea
405 3486 504 3535 amieor
522 3499 554 3534 ac
574 3485 661 3534 aocioa
678 3483 856 3536 Romanorum
869 3498 942 3547 eoae,
965 3485 1027 3536 illos
1045 3491 1136 3535 autem
1155 3499 1247 3536 eorum
1265 3481 1317 3535 ho·

233 3558 288 3603 ntea
306 3551 503 3606 infensissimos
523 3552 696 3621 recipiendo,
724 3554 822 3605 loedua
839 3553 949 3605 violare
985 3554 1059 3606 ilaec
1076 3553 1173 3622 legati,
1197 3552 1268 3604 iaetu
1287 3558 1317 3605 et

234 3624 388 3690 arrogantia
427 3623 498 3688 leni;
527 3621 599 3674 nihil
623 3623 838 3676 contradicturos
856 3622 1005 3687 Romanoa,
1031 3622 1079 3675 aed
1098 3623 1235 3691 extemplo
1259 3623 1316 3675 Sia·
1374 3619 1382 3626 ⁰

231 3707 342 3742 manum
359 3640 428 3744 belli
447 3699 521 3746 melu
549 3690 703 3745 reddituros
729 3694 843 3762 opinati.
879 3694 1041 3762 imperatrix
1066 3709 1191 3762 magnum
1218 3692 1315 3746 dome·

234 3761 331 3813 aticum
355 3778 414 3813 eum
433 3763 467 3814 iia
488 3778 566 3832 agere
586 3769 613 3814 et
632 3762 666 3813 ad
687 3764 849 3832 petitionem
867 3762 1031 3833 respondere
1055 3764 1142 3815 iuaait
1179 3762 1236 3832 Qui
1255 3766 1315 3832 pri·

233 3848 307 3883 mum
326 3834 393 3886 vitio
413 3832 506 3895 dedii,
529 3831 604 3903 quod
621 3849 677 3884 non
704 3834 765 3885 iure
790 3834 935 3884 venissent
972 3833 1033 3885 Non
1057 3835 1129 3886 enim
1153 3834 1313 3900 oportebat,

233 3901 342 3971 inquit,
363 3919 452 3973 regem
471 3910 602 3967 veatrum,
619 3902 742 3956 defuncti
761 3903 931 3972 imperatoria
953 3905 1066 3957 Romani
1091 3904 1207 3954 amicum
1230 3910 1314 3973 atque

233 3987 382 4039 generum,
411 3974 470 4025 eiua
486 3973 580 4025 liberis
598 3973 701 4025 bellum
725 3973 827 4026 inferre
853 3981 881 4024 el
904 3990 963 4024 eum
991 3991 1069 4025 oanan
1092 3974 1195 4024 iniusta
1219 3974 1313 4025 conari

232 4040 330 4093 foedus
349 4059 481 4111 rumpere.
518 4044 594 4114 Quin
618 4045 642 4096 ai
669 4051 749 4096 autea
768 4045 907 4113 quippiam
926 4059 987 4093 curn
1011 4061 1045 4096 eo
1070 4043 1126 4095 litia
1151 4052 1179 4095 et
1203 4052 1313 4096 contro·

232 4113 336 4163 veniae
356 4112 512 4174 habuisset,
543 4129 600 4165 eam
622 4130 695 4166 nunc
714 4116 821 4166 mirsam
849 4114 938 4166 facere
957 4122 985 4165 el
1003 4113 1100 4166 foedus
1123 4112 1313 4166 inviolabiliua

231 4180 369 4237 eertodiro
379 4220 389 4251 ,
407 4199 525 4255 eumque
542 4182 638 4238 liberii
655 4185 728 4251 einr,
763 4184 912 4240 aminarum
930 4185 1075 4255 praesidiis
1093 4182 1175 4237 modo
1198 4184 1314 4255 potiari-
