2934 4700
236 270 322 388 574
635 290 916 360 cimicumur

87 459 286 531 &Candore
314 455 371 519 καί
396 446 457 532 τὴν
479 446 648 514 δπιείκειαν
670 447 879 534 τῶντρόπων
912 450 1007 515 eutis
1026 448 1105 537 πρός
1128 451 1185 537 τὴν
1203 453 1325 540 βουλὴν

234 558 400 638 δντεϊπεν,
440 547 521 615 α’λλὰ
554 548 839 636 συνεπαμηφίζετο.
889 551 983 636 δῆλος
1009 551 1046 617 δὲ
1073 544 1116 638 ἧν
1142 550 1326 638 α’χθόμωος

233 652 316 743 πρός
334 652 376 718 τό
394 644 608 735 πραττόμενα.
1439 648 1440 733 l

141 764 233 838 Ρ.6γ6
320 750 383 822 50⁹.
419 746 507 816 Ἐπεὶ
526 750 562 813 δέ
580 749 724 815 ἐδέδοκτο
745 751 824 814 πᾶσι
842 751 930 838 κοινῇ
948 757 1149 837 προσχωρεῖν
1165 756 1326 843 τρῖ-βασι-
1439 766 1440 769 ’

210 861 305 936 Birt,
325 846 523 937 πρεσβευτὰς
542 847 675 937 ᾑροῦντο
698 846 780 935 πρός
799 849 1068 935 Καντακονζηνόν
1088 849 1251 937 Μανουὴλ
1268 853 1347 920 τόνό

231 955 389 1039 βασιλέως
421 945 493 1015 υἱόν
520 949 556 1014 έν
584 946 726 1040 Βεᾷῥοίρ
755 951 978 1033 διατρίβοντα,
1014 947 1177 1017 Νικόλαόν
1202 975 1237 1017 τε
1264 951 1325 1018 τόν

232 1049 429 1135 Καβόσιλαν
454 1052 511 1114 καί
534 1049 723 1134 Φαρμόκην.
772 1040 812 1133 ἦν
842 1047 903 1134 γὰρ
931 1051 1077 1127 ἐξουσίαν
1101 1050 1254 1135 βασιλεός
1279 1055 1326 1139 τῷ

231 1153 293 1239 υἱῷ
314 1151 573 1243 παρεσχημένος,
602 1145 710 1225 εἴτις
737 1151 802 1214 τοῖν
820 1145 943 1215 πόλεων
963 1149 1090 1235 προσίοι
1129 1153 1186 1216 καί
1218 1153 1324 1216 δέοιτο

233 1251 333 1317 αὐτοῦ
363 1249 553 1333 εὐεργεσιῶν
571 1272 667 1315 τινων
689 1257 814 1333 τυχεῖν,
837 1253 989 1335 παρέχειν
1006 1253 1067 1332 μὲν
1096 1254 1234 1334 ἐκεῖνον,
1257 1247 1322 1315 ὅσα

231 1351 355 1434 νομίζοι
375 1348 570 1436 προσήκοντα
594 1353 649 1414 καί
671 1346 814 1415 δυνατοί·
834 1352 975 1435 στέργειν
995 1353 1031 1416 δὲ
1052 1348 1150 1416 αἰτόν
1177 1352 1233 1415 καί
1264 1373 1363 1416 aso-ro

232 1448 274 1519 τοὶ
293 1452 417 1535 μηδένα
436 1447 554 1535 τρόπον
573 1450 749 1535 πειρᾶσθαι
768 1450 948 1516 καταλύειν.
988 1445 1012 1514 si
1042 1448 1098 1514 καί
1129 1450 1325 1516 θεσσαλονι-

232 1557 299 1627 κείς
319 1545 457 1630 εἰδότες,
494 1544 632 1630 ἔπεμπον
660 1545 736 1625 τούς
764 1552 912 1633 πρέσβεις
938 1545 1018 1634 πρὸς
1039 1549 1157 1615 ἐκεῖνον
1195 1552 1254 1615 καί
1283 1550 1326 1637 ᾖ·

233 1652 346 1717 τοδντο
369 1646 408 1712 οὔ
427 1645 526 1730 μόνον
550 1642 696 1714 ἀτέλειαν
716 1649 805 1736 κοινῇ
825 1652 862 1736 τῇ
891 1649 1003 1733 πόλει,
1031 1647 1113 1715 α’λλό
1142 1647 1200 1714 καί
1221 1674 1326 1732 πριμ-

230 1750 367 1837 μικηρίιρ
394 1770 432 1812 τε
447 1749 503 1836 ’τῷ
530 1744 665 1836 μεγόλρν
694 1749 752 1813 καί
779 1756 846 1824 τοῖς
873 1740 980 1824 ἄλλοις
1009 1752 1073 1814 τῶν
1096 1751 1326 1832 δυνατωτέρων

199 1846 300 1938 ῃίδίρ
319 1844 417 1930 τιμολς
436 1848 492 1911 καί
510 1842 687 1931 προσόδους
702 1844 761 1923 τοὶς
793 1845 1013 1935 προσηκοόσας
1046 1846 1103 1914 καί
1121 1853 1162 1936 τῇ
1185 1850 1324 1935 στρατιᾷ
1329 1856 1365 1923 15

231 1949 290 2013 καί
308 1956 374 2025 τοῖς
394 1941 501 2022 ἄλλοις
522 1950 591 2029 μετ’
604 1946 744 2023 ἐκείνους
762 1942 884 2037 ἑκάστῳ
904 1946 984 2014 κατὰ
1002 1946 1061 2032 τὴν
1081 1947 1261 2031 όνοιλογιλιν.
1302 1942 1322 2010 ὅ

230 2047 288 2114 sesi
307 2048 466 2130 βασιλέως
484 2046 521 2110 δὲ
541 2042 614 2123 υἱός
636 2047 758 2112 δίκαιον
777 2049 910 2128 νομίσας
928 2040 1028 2132 μηδὲν
1047 2053 1325 2131 μικρολογεῖν,τη-

234 2144 388 2231 λικαότην
400 2169 436 2229 γε
450 2145 541 2211 πόλιν
559 2147 683 2228 μέλλων
703 2143 871 2233 προσάγειν
889 2148 990 2232 πατρί
1008 2146 1053 2234 τῷ
1076 2151 1220 2229 βασιλεῖ,
1241 2144 1326 2210 πόν·

232 2269 276 2313 τα
298 2239 359 2311 όοα
382 2246 516 2333 ᾐτοῦντο
536 2247 706 2330 παρείχετο
725 2244 758 2310 οῖ
777 2248 943 2337 πρέσβεις,
972 2244 1029 2310 καί
1047 2244 1166 2330 πολλήν
1185 2244 1244 2329 τὴν
1265 2269 1324 2331 φο·

233 2350 382 2431 λοτιμίαν
400 2345 476 2431 περὶ
492 2344 552 2422 τοὶς
571 2339 752 2433 εὐεργεσίας
771 2348 981 2417 ἐπεδείκνυτο.
1021 2348 1093 2413 ε’πεί
1118 2349 1154 2412 δὲ
1172 2350 1219 2423 εἰς
1240 2349 1366 2417 &sono

234 2445 402 2532 οαλονίκην
430 2447 462 2511 οἱ
488 2449 636 2530 πρέσβεις
662 2448 817 2533 ἐπανῆκον
838 2446 989 2532 φέροντες
1015 2448 1071 2511 καί
1089 2444 1149 2521 τοὶς
1165 2449 1327 2528 βασιλέως

234 2544 438 2633 εόεργεσίας,
458 2543 480 2632 ἡ
498 2541 590 2620 πόλις
607 2548 668 2627 μὲν
688 2540 750 2630 ἤδη
770 2547 858 2610 πᾶσα
888 2548 1038 2632 φανερῶς
1063 2545 1202 2633 eripiunt
1224 2550 1327 2628 βασι-

235 2648 318 2726 λέα,
339 2648 396 2710 καί
413 2644 469 2710 διὰ
489 2639 594 2729 πόσης
613 2643 756 2730 γλιόοσης
776 2638 891 2730 ἥδετο,
922 2650 979 2711 καί
1008 2645 1030 2731 ἦ
1056 2645 1188 2733 στρατιὰ
1216 2649 1274 2709 καὶ
1293 2645 1327 2711 οῖ

235 2736 328 2812 ἄλλοι
348 2742 464 2822 πάντες
482 2753 554 2821 ταῖς
575 2746 760 2828 δεδομένοις
777 2754 884 2828 τιμαῖς
909 2744 1073 2835 ἠρκοῦντο.
1113 2747 1268 2832 Ἀνδρέας
1289 2749 1328 2812 δὲ

310 2892 351 2947 ra.
361 2888 469 2962 μέλλον
483 2888 511 2943 Ρ.

237 3025 414 3092 obtinuerat,
444 3035 558 3098 propter
582 3043 642 3081 eam
671 3043 727 3099 qua
751 3027 862 3082 valebat
892 3027 1105 3100 intelligentium
1135 3027 1326 3101 humanosque

235 3115 326 3153 morea
342 3098 416 3152 nihil
433 3100 571 3152 communi
589 3099 693 3151 iudicio
708 3116 861 3171 repugnans
881 3101 1050 3171 subscripsit.
1084 3098 1208 3153 Dubium
1230 3108 1327 3153 tamen

236 3185 296 3225 non
312 3163 388 3234 errs't,
409 3168 488 3220 illum
507 3185 577 3242 quae
599 3176 744 3241 agerentur
762 3188 843 3240 aegre
864 3170 944 3223 serre.

308 3243 352 3311 94.
395 3242 543 3310 Postquam
569 3241 676 3311 placuit
706 3241 852 3305 omnibus,
883 3244 1104 3296 Cantacurenum
1132 3244 1327 3310 imperatorem

239 3310 498 3382 oomptcetendum,
518 3311 552 3364 nd
570 3312 725 3365 Manuelem
747 3313 965 3366 Cantacuzcnum
985 3316 1043 3365 eius
1062 3313 1150 3364 filium
1170 3312 1326 3366 Berrhoeae

238 3391 412 3445 morantem,
430 3383 575 3434 Nicolaum
594 3382 747 3434 Cabaailam
768 3390 797 3435 ct
809 3384 973 3437 Pharnacen
992 3387 1019 3436 lc
1038 3393 1095 3436 atos
1116 3384 1250 3452 deligunt„
1270 3385 1328 3437 De·

241 3452 320 3506 derat
337 3461 430 3506 autem
447 3454 506 3505 filio
523 3458 688 3521 potestatem
706 3463 803 3523 pater,
822 3461 854 3506 ut
871 3457 895 3506 si
914 3473 968 3526 qun
986 3402 1096 3507 urlium
1113 3471 1143 3506 ae
1163 3455 1278 3507 dederet
1296 3463 1327 3507 et

240 3522 278 3574 ab
305 3533 339 3575 eo
364 3521 473 3591 a'liquid
496 3521 626 3575 beneficii
649 3533 776 3594 rogaret‚‘
800 3533 953 3595 praestaret
974 3541 1046 3599 quae
1072 3525 1171 3577 decere
1208 3533 1237 3577 et
1265 3525 1326 3578 fieri

259 3608 319 3647 osae
340 3594 527 3645 existimaret:
548 3609 593 3656 se,
632 3611 684 3645 uae.
702 3596 815 3663 egisset,
833 3596 911 3647 firma
932 3607 960 3650 et
981 3605 1038 3650 rata
1051 3598 1257 3666 inperpetuum
1276 3600 1328 3649 ha-

259 3662 371 3716 iturum.
408 3660 492 3731 Quod
509 3678 570 3714 cunr
598 3662 621 3714 Τ
643 3665 857 3719 essalonicenses
881 3669 996 3721 minime
1014 3667 1134 3739 sugeret,
1162 3685 1213 3737 per
1231 3678 1329 3720 orato·

236 3749 281 3789 res
307 3750 364 3786 non
390 3736 479 3786 solum
500 3734 676 3805 vectigalium
694 3735 897 3791 immunitatem
917 3740 980 3792 urbi
1006 3739 1035 3790 in
1054 3754 1212 3802 commune,
1229 3756 1329 3792 rerum

236 3814 268 3859 et
283 3821 381 3876 magno
399 3805 572 3876 primicerio,
591 3809 619 3858 et
637 3806 698 3858 aliis
716 3810 921 3876 potentioribus
940 3810 1087 3881 separatim
1117 3808 1249 3871 honores,
1280 3827 1331 3863 re·

236 3876 369 3947 (litusque
386 3874 536 3940 honestos,
566 3876 750 3948 similiterque
766 3881 928 3949 praesidio,
955 3891 984 3935 et
1009 3881 1087 3942 aliis,
1107 3884 1254 3951 unicuique
1272 3899 1329 3949 pro

235 3950 366 4019 portione
391 3948 532 4000 commoda
556 3955 663 4018 petunt
699 3951 873 4019 Imperatoris
899 3952 974 4004 filius
992 3968 1048 4005 uon
1066 3952 1122 4003 sibi
1140 3953 1329 4021 scrupulosius

236 4018 406 4072 musandum
432 4025 547 4086 putans,
573 4026 605 4069 ut
631 4019 828 4088 amplissimam
855 4022 997 4074 civitatem
1021 4024 1092 4093 patri
1115 4023 1210 4075 liceret
1228 4025 1333 4093 acqui·

235 4104 313 4152 rere,
330 4089 458 4143 concedit
475 4090 582 4152 omnia,
600 4105 685 4162 aeque
702 4091 760 4142 illis
779 4093 949 4161 gratificandi
970 4093 1177 4162 cupidissimum
1196 4095 1331 4148 ostendit.

235 4157 345 4228 Legatis
364 4160 585 4213 Thessalonicam
604 4164 717 4214 reversis
738 4179 799 4214 curn
820 4162 962 4217 beneficiis
980 4165 1153 4234 impetratis,
1177 4173 1235 4216 tcta
1262 4165 1331 4218 urbs

235 4228 399 4301 inperatori
419 4232 512 4288 omniu
527 4231 618 4285 tamir
635 4248 668 4286 ac
686 4231 780 4288 felicia
799 4239 983 4307 comprecari,
1002 4251 1120 4307 eumque
1131 4238 1256 4292 oninium
1275 4239 1334 4292 lin·
