2934 4700
465 284 759 381 'nrsronunnn
786 315 842 377 ut
865 316 915 385 ro.
1148 283 1236 395 429

160 470 357 551 λειπομένου.
388 467 587 550 Μομιτζιλος
608 466 655 549 δέ,
686 460 762 549 ὅπερ
792 460 919 549 ἐγένετο,
940 459 1173 541 ύπωπτιυκοός,
1192 459 1382 546 detorti&

161 569 220 633 οδκ
242 562 282 632 άν
313 565 481 650 άνύσχοιτο
509 562 567 648 τὴν
593 560 686 650 ύβριν
714 559 731 625 ὃ
762 560 930 646 βασιλεύς,
963 561 1034 625 ἀλλ’
1065 562 1115 624 ἐπ’
1144 557 1239 626 αύτδν

159 669 284 749 πέμψον
317 665 485 752 στρατιάν.
516 662 570 748 τήν
598 686 630 727 τι
649 662 761 748 χώραν
780 654 972 728 occuitum
991 659 1036 736 ἐἰς
1056 658 1115 735 τάς
1134 660 1240 736 πόλεις

160 770 219 832 κατ’
234 763 273 831 τά
307 763 448 851 φρούρια
475 764 531 827 καί
554 762 648 837 ου’τὸς
680 760 916 847 παρεσκεύαστο
951 759 994 835 ὥς
1036 760 1091 826 έπέ
1118 756 1237 843 μάχην.

135 863 243 951 &iocis
263 865 298 930 dd
328 862 389 947 τήν
425 862 563 948 Περσῶν
590 861 644 926 καί
657 860 822 942 Ῥωμαίων
851 856 998 944 στρατιάν
1025 860 1242 944 δυνατωτέρου

160 956 318 1047 edormi}
338 958 418 1027 oi'ora
432 960 678 1026 διακινδυνεύειν
699 957 779 1043 πρὸς
803 954 923 1040 ου’τὴν,
950 957 986 1023 τύ
1007 962 1065 1023 νύν
1082 960 1141 1039 μὲν
1171 958 1344 1050 ἔχονν,473

159 1059 241 1147 ἔγνον
274 1058 446 1146 ἡσυχάζειν
477 1063 533 1125 καί
560 1062 614 1124 ἐπὶ
645 1062 813 1144 λεηλασίαν
851 1061 1025 1142 τρέπεσθαι
1061 1058 1133 1146 ipio,
1165 1059 1241 1122 άνα·

159 1163 337 1246 στρέφουσι
366 1160 402 1223 δὲ
436 1159 639 1224 ἐπιτίθεσθαι
671 1156 726 1223 καὶ
760 1155 931 1238 βλύπτειν,.
957 1154 997 1240 ἥν
1024 1182 1054 1221 τι
1095 1157 1237 1241 δύνηται
1247 1173 1273 1224 Ρ.
1282 1169 1333 1239 ipo

160 1262 220 1324 καὶ
237 1256 293 1342 τήν
313 1254 466 1342 στρατιάν
486 1255 587 1340 ἔχων,
610 1257 689 1322 κατοὶ
724 1254 759 1323 τι)
782 1253 1002 1342 Περιθειύριον
1028 1253 1090 1320 oni
1120 1257 1245 1337 βασιλέ-

122 1360 211 1429 τοδα
228 1354 275 1422 ε”τι
293 1359 402 1422 celocis
422 1358 575 1440 διέτριβεν
597 1353 700 1421 ἐλθούν
732 1356 788 1421 καέ
823 1353 880 1438 τὴν
900 1349 1064 1435 ἀνάζευξιν
1084 1359 1247 1438 περιέμενε

163 1461 224 1540 τῆς
254 1457 415 1540 στρατιάς.
454 1458 583 1537 βασιλεῖ
603 1457 638 1521 δέ
672 1459 716 1543 agi
743 1457 995 1542 Καντακουζηνῷ
1023 1457 1058 1519 έν
1094 1459 1246 1535 Κουμου-

166 1561 296 1643 τζηνοΐς
316 1554 373 1640 τὴν
394 1553 547 1621 ἐπάνοδον
567 1559 622 1640 τῆς
653 1558 806 1637 στρατιάς
833 1558 886 1618 κατ’
916 1552 1002 1643 αύτῷ
1036 1555 1247 1641 ἐνδεχομένῳ,

164 1656 270 1724 έδόκει
290 1658 355 1720 δεῖν
372 1659 538 1741 προελθεῖν
569 1655 623 1719 ἐπὶ
652 1651 780 1739 μικρὸν,
817 1651 850 1718 εἴ
877 1677 943 1729 πως
976 1656 1130 1737 ἐγγένοιτο
1158 1647 1244 1734 παρά

165 1778 227 1820 τοο
249 1778 280 1820 τι
301 1752 375 1838 περὶ
402 1755 456 1837 τῆς
477 1758 630 1840 στρατιάς
650 1757 824 1818 πυθέσθαι.
845 1756 900 1818 καί
918 1755 1075 1838 προῆλθεν
1096 1745 1173 1837 ἄχρι
1193 1748 1249 1815 πό·

123 1860 243 1928 ιόλιως
273 1850 426 1937 Μεσήνης
459 1858 617 1934 παλαιοῖς,
644 1855 680 1918 ἐκ
711 1855 833 1917 πολλῶν
863 1857 939 1917 ἐτῶν
973 1852 1247 1934 κατεσκαμμένης,

163 1948 241 2018 ὅσον
261 1947 411 2035 ἑξήκοντα
433 1947 515 2033 ἔχων
546 1947 717 2033 ἑπομένους
737 1950 943 2036 στρατιώτας.
983 1954 1050 2016 ἐκεῖ
1066 1952 1102 2014 δέ
1118 1953 1174 2015 τοῦ
1194 1952 1248 2013 ἵπ-

161 2073 227 2117 πον
249 2048 331 2132 μετά
351 2051 413 2114 τῶν
432 2046 589 2114 συνόντων
609 2047 749 2131 ἀποβάς,
769 2047 906 2125 σκοπούς
923 2052 982 2129 μέν
1001 2047 1119 2130 ἔπεμπε
1138 2046 1258 2132 πρότε-’

162 2173 221 2237 ρον
242 2148 411 2235 φυλάττειν
438 2144 616 2232 πύρ’ῥωθεν.
648 2150 816 2236 νυσταγμῷ
843 2149 879 2211 δέ
904 2149 1058 2232 topicis,
1092 2144 1249 2211 ύπνωττεν
1319 2214 1325 2237 ι

162 2248 219 2316 ἐπὶ
236 2245 371 2331 μικρόν·
393 2242 582 2335 ύπνούττοντι
602 2248 637 2310 δὲ
660 2239 785 2330 ἧκούετο
814 2249 947 2329 λέγουσα
978 2241 1085 2330 φωνή·
1107 2243 1249 2328 ,,ἔγειραι

121 2346 182 2422 200‘
201 2342 369 2413 καθεύδων
407 2348 462 2410 καὶ
489 2340 610 2410 α’νάστα
633 2348 752 2411 ἐκτῶν
774 2348 900 2427 νεκρῶν,
921 2343 976 2409 καὶ
1001 2340 1174 2429 ἐπιφαύσει
1197 2365 1250 2406 σοι

165 2443 369 2533 ύΧριστόςΡ
389 2439 503 2528 οἷνέστιγ
521 2447 581 2527 μὲν
602 2437 660 2510 σύν
680 2445 792 2509 oderico
816 2441 878 2508 ύπό
900 2448 955 2527 τῆς
980 2444 1087 2531 φωνῆς
1106 2447 1272 2525 θορυβρ-ιι

163 2544 253 2627 θεὶς,
276 2545 331 2608 καὶ
349 2552 414 2617 τοῖς
434 2546 572 2627 παροῦσι
592 2545 736 2627 διηγεῖτο.
756 2540 824 2625 ἅμα
840 2547 876 2608 δὲ
896 2545 951 2608 καὶ
970 2542 1000 2609 οἱ
1020 2544 1130 2607 σκοποέ
1150 2537 1251 2623 οἷπὴγ-

164 2651 279 2730 γελλον
299 2643 463 2722 ἐλθόντες,
497 2638 540 2717 οἷς
561 2641 768 2728 προσελαύνει
796 2646 949 2727 στρατιά·
978 2642 1116 2727 ἀκριβῶς
1137 2640 1171 2703 δὲ
1193 2639 1250 2702 ούκ

167 2737 257 2825 εἶχον
289 2742 408 2807 εἰδέναι
438 2735 512 2806 ὅθεν
544 2741 604 2826 εἴη.
643 2741 792 2823 βασιλεύς
821 2745 858 2807 δὲ
895 2740 951 2807 καὶ
983 2740 1013 2807 oi
1049 2739 1124 2822 περὶ
1152 2737 1252 2803 αύτόν

124 2838 321 2934 αὸρίἠθησαν
330 2840 391 2924 μέν
411 2832 570 2927 εἶναιτὴν
590 2840 723 2926 οἰκείαν,
744 2840 1004 2930 ύποστρέφουσαν
1018 2842 1053 2906 ἐκ
1072 2843 1127 2924 τῆς
1140 2843 1251 2922 λεηλα-

169 3050 302 3104 iniuriam
331 3047 522 3118 imperatorem
547 3049 662 3102 inultam
687 3067 744 3103 non
770 3067 927 3121 passurum,
959 3050 1007 3105 sed
1026 3067 1137 3104 manum
1160 3055 1254 3101 contro

168 3137 199 3175 sc
222 3120 380 3181 missurum,
404 3133 511 3189 sparsos
536 3135 586 3189 per
610 3120 747 3190 regionem
770 3129 888 3193 agrestes
912 3122 941 3173 in
966 3123 1067 3195 oppida
1094 3129 1121 3174 et
1143 3120 1256 3172 castella

170 3192 310 3244 contraxit
330 3205 444 3259 seseque
461 3188 496 3241 ad
515 3190 706 3258 proeliandum
724 3192 862 3245 instruxit
898 3193 999 3244 Verum
1017 3193 1066 3245 ubi
1082 3190 1255 3243 animadver-

171 3263 225 3328 tit,
243 3277 278 3314 ex
294 3259 383 3312 Persis
411 3266 439 3311 et
464 3260 589 3313 Romanis
624 3269 794 3314 constantem
828 3265 977 3315 exercitum
1003 3261 1163 3315 validiorem
1186 3275 1257 3323 esse,

172 3348 254 3401 quam
273 3338 305 3383 ut
324 3330 350 3381 ei
369 3346 399 3382 se
416 3328 530 3382 deberet
547 3348 608 3382 eum
630 3332 752 3400 periculo
773 3331 910 3395 obiicere,
928 3336 958 3386 iu
976 3334 1130 3403 praesentis
1150 3331 1256 3397 coeptis

174 3399 408 3469 supersedendum
422 3416 571 3469 corumque
596 3400 746 3470 direptioni
769 3401 983 3473 indulgendum,
995 3402 1185 3456 recedentibus
1205 3418 1257 3452 an·

175 3477 231 3521 tem
256 3469 453 3524 inhaerendum
477 3478 506 3521 et
528 3471 552 3522 si
570 3489 625 3543 quo
643 3474 730 3541 possit
758 3473 856 3526 damno
882 3474 1039 3527 mactandos
1058 3473 1143 3524 duxit.
1189 3470 1258 3523 Cum

177 3542 235 3592 suis
280 3557 340 3594 orro
370 3541 457 3610 copiis
490 3540 707 3607 Peritbeorium,
742 3559 813 3614 quae
839 3543 928 3597 adbuc
954 3546 984 3598 in
1008 3545 1062 3597 fide
1087 3542 1258 3612 imperatoris

177 3556 324 3673 manebat,
342 3609 400 3662 illic
429 3609 549 3663 hostiurn
569 3611 716 3665 discessum
734 3621 939 3683 exspectaturus
956 3617 1096 3668 concessit
1133 3613 1259 3664 Ceterum

177 3679 337 3749 imperatori
361 3682 461 3748 stipsi
488 3681 661 3736 Cumutzeuis
686 3682 804 3736 reditum
829 3701 940 3737 suorum
989 3685 1148 3737 raestolnnti
1173 3684 1262 3735 visum

179 3750 350 3833 aliquantum
376 3750 620 3819 progrediendum,
647 3755 670 3806 si
695 3754 765 3806 lorte
785 3758 940 3826 quampiam
960 3703 994 3807 de
1015 3756 1072 3807 illis
1090 3753 1263 3805 auditionem

180 3826 330 3889 acciperet,
355 3826 383 3869 et
409 3836 495 3889 usque
519 3820 554 3873 nd
579 3821 673 3874 urbem
697 3827 837 3893 antiquam
857 3823 1006 3888 Mesenen,
1028 3827 1083 3877 iam
1102 3824 1167 3876 olim
1187 3823 1264 3875 diru-

181 3897 256 3952 tum,
278 3906 340 3942 enm
357 3890 489 3941 comitutu
508 3892 616 3944 circiter
633 3893 772 3961 sexaginta
790 3895 908 3947 militum
926 3903 1018 3946 vectus
1038 3904 1089 3953 est.
1133 3894 1175 3946 lbi
1202 3909 1263 3943 cnm

183 3957 219 4009 ab
245 3960 325 4029 cquis
358 3957 580 4024 descendissent,
614 3964 702 4014 missio
728 3964 804 4030 prius
832 3966 1067 4032 speculatoribus,
1095 3965 1144 4033 qni
1169 3962 1264 4032 procul

187 4027 369 4089 observarent,
388 4046 482 4079 somno
500 4031 649 4101 obrepente
669 4031 798 4086 dormivit
818 4033 986 4103 aliquamdiu
1006 4046 1089 4108 atque
1107 4038 1179 4085 inter
1199 4032 1266 4084 dor-

188 4097 327 4152 miendum
355 4098 426 4149 hunc
444 4114 535 4151 vocem
559 4103 661 4154 audiit:
682 4103 872 4173 Expergircerc
891 4108 937 4176 qui
958 4105 1059 4158 dormis
1076 4113 1105 4157 ct
1123 4118 1230 4172 resurge
1249 4119 1267 4155 a

189 4169 302 4219 mortuis
331 4178 359 4220 et
378 4168 547 4224 illuminabit
564 4179 591 4224 te
609 4171 742 4224 Christus.
779 4174 840 4298 dua
860 4192 926 4229 voce
945 4176 1076 4228 confusus
1094 4174 1198 4234 animi,
1223 4188 1267 4225 re·

188 4241 273 4304 pente
292 4239 408 4291 surrexit
424 4248 453 4292 et
470 4255 527 4293 rem
545 4241 733 4312 praesentibus
753 4245 783 4299 in
805 4246 891 4302 'cavit
935 4246 1041 4302 Adsunt
1062 4248 1127 4297 item
1145 4243 1267 4315 specula·
