2934 4700
141 412 144 417 Ι
205 286 235 390 b
628 274 838 383 rotrocus

205 469 318 523 mstico
329 466 483 543 honorifice
497 469 595 524 liabiti.
630 470 795 541 Apocauclto
806 471 1002 526 sennacherim
1012 471 1185 542 subrogatur.
1222 475 1295 528 Con·

204 540 324 610 spiratio
342 552 370 591 et
394 541 500 611 legatio
525 541 731 612 praestatorum
759 539 912 596 occidentis
933 543 999 611 (ιι).
1038 545 1131 596 Croles
1160 542 1294 597 Macedo·

205 609 272 662 aiae
290 609 416 676 infestas.
451 612 571 681 Magnus
590 610 756 665 domesticas
772 612 1024 681 Peloponnesiacae
1049 613 1222 683 expeditioni
1240 632 1295 667 an·

205 678 415 741 revertendum,
440 679 556 751 ideoque
574 682 739 749 Byzantium
757 681 951 735 reuertendum
969 695 1068 740 censet.
1104 684 1255 754 Eecipitur
1273 702 1296 737 a

204 748 389 816 Byzantinis:
409 750 610 819 imperatricem
627 752 704 804 luctu
723 763 750 804 et
767 751 860 803 morbo
875 752 1010 819 afflictam
1022 753 1205 806 consolatur:
1222 750 1296 824 qaid

205 821 311 890 egerit,
330 817 402 891 quid
417 833 532 873 acturas
549 823 585 872 sit
603 821 718 892 exponit
736 821 801 889 (su).
837 819 882 873 Ad
895 821 1032 889 palatium
1049 824 1156 877 nobiles
1172 835 1200 877 et
1215 824 1293 875 mili·

205 901 246 942 tes
266 890 383 944 clamose
401 907 460 943 cam
478 891 643 960 patriarcba
664 889 697 943 de
714 888 819 943 honore
843 889 986 943 domestici
1011 894 1169 962 iurgantar.
1204 894 1293 962 Impe-

206 961 299 1012 ratriss
306 959 495 1029 iurgantibus,
505 960 613 1031 triplici
620 979 714 1015 eorum
722 971 835 1031 peccato
842 959 1041 1025 demonstrato,
1054 966 1162 1015 aoniam
1170 960 1220 1015 dot
1228 963 1250 1029 (ι
1258 963 1294 1032 3}

207 1030 250 1083 De
268 1030 529 1100 poenoApoeauclsi
547 1049 607 1084 cam
626 1029 774 1084 domestico
793 1028 948 1084 deliberat:
964 1032 1025 1082 eius
1042 1033 1152 1086 natales
1170 1044 1294 1084 etstatas

204 1100 350 1170 pristinae.
388 1097 529 1165 Quomodo
546 1100 618 1155 idem
637 1099 823 1171 Apocauclssss
839 1100 960 1160 Xenom,
976 1102 1153 1169 Imperatoris
1169 1114 1295 1164 matrem,

206 1166 345 1223 adversus
372 1167 549 1223 domenicam
574 1173 735 1225 concitaris.
776 1172 919 1223 Invitatus
939 1167 1102 1225 domesticas
1119 1171 1159 1224 od
1175 1188 1295 1224 commu-

209 1239 321 1291 nionem
338 1257 482 1310 purpurae
500 1252 528 1292 et
545 1242 656 1312 imperii
675 1252 787 1293 recusat
809 1241 856 1307 (ti
912 1242 989 1292 tteto
1010 1243 1078 1293 moli
1099 1241 1297 1295 obtrectatores

207 1306 350 1362 domestici
367 1311 399 1361 itt
416 1312 475 1363 eias
492 1327 519 1363 se
537 1313 658 1381 gratiam
677 1313 823 1365 restituere
862 1308 1004 1362 esiderant
1023 1325 1050 1366 et
1067 1315 1199 1382 imprimis
1218 1313 1295 1381 Apo-

209 1377 348 1439 cauchas,
367 1380 415 1432 cui
431 1381 553 1449 supplici
569 1398 628 1434 cam
646 1383 722 1433 teria
734 1379 924 1432 admonitione
936 1378 1097 1448 ignoscitur.
1137 1384 1196 1447 Quo
1208 1392 1293 1450 pacto

208 1448 257 1502 ilis
280 1445 351 1500 idem
365 1462 483 1531 propter
499 1453 703 1523 praefecturam
718 1450 784 1522 fisci
804 1468 861 1501 nost
879 1449 1017 1503 obtentam
1035 1453 1132 1503 turbas
1142 1452 1249 1523 jecerit
1266 1462 1294 1503 et

208 1520 241 1570 in
257 1513 431 1572 domesticum
447 1534 592 1588 praesente
613 1521 792 1589 imperatrice
813 1521 937 1573 invectas
953 1523 989 1572 sit
1005 1521 1072 1590 (15).
1107 1523 1179 1574 Eam
1199 1533 1226 1572 et
1244 1522 1295 1571 im-

205 1591 371 1659 peratricem
387 1592 498 1658 placat,
517 1591 648 1658 Epibatis
666 1588 763 1660 egredi
780 1607 837 1641 non
849 1588 940 1641 audet.
978 1588 1177 1643 Domesticiod
1187 1591 1295 1657 Byzan·

207 1659 262 1712 tios
279 1656 313 1711 de
328 1676 397 1728 pace
417 1658 583 1713 cohortatio.
618 1661 718 1713 Filiam
746 1660 912 1729 Imperatori
934 1656 1102 1725 despondere
1124 1658 1224 1730 diffissa.
1258 1660 1295 1710 In

207 1732 310 1783 itinere
329 1745 357 1780 se
376 1728 556 1797 Apocauclsus
573 1730 600 1782 ei
615 1731 769 1799 permittit:
795 1747 854 1782 cum
872 1742 960 1781 matre
977 1728 1120 1783 domestici
1133 1731 1295 1791 collocutus,

207 1812 239 1851 ut
257 1815 285 1850 se
303 1800 391 1869 magis
408 1816 451 1860 re,
469 1817 551 1871 qaam
566 1800 671 1861 verbis,
690 1800 853 1853 benevolam
889 1811 1010 1861 raestet,
1039 1800 1203 1851 admonetur
1226 1800 1292 1866 (top

208 1870 335 1921 Animum
351 1869 533 1939 patriarchae
548 1869 639 1932 subit,
661 1868 838 1922 domesticum
869 1868 927 1919 olso
943 1884 1074 1930 accusat,
1093 1870 1295 1938 imperatricem

177 1938 181 1943 ’
209 1936 344 1992 adversas
363 1936 538 1993 domesticum
557 1937 728 1993 irritandam
746 1937 846 1992 suadet
862 1951 890 1992 et
898 1941 1034 1993 rationem
1046 1945 1186 2010 proponit.
1222 1940 1296 1991 Asa·

208 2027 257 2062 sess
277 2025 330 2076 pro
350 2007 427 2080 filiis
450 2009 610 2065 sexenuium
635 2026 749 2063 carcere
772 2008 891 2063 detentis
913 2021 996 2078 rogat
1015 2009 1081 2079 (tp).
1125 2010 1297 2060 Domesticos

208 2096 319 2149 operam
334 2079 492 2146 pollicetar.
528 2080 657 2132 Socerum
676 2092 922 2148 contragensium
941 2079 1121 2149 Apocaucltas
1140 2079 1297 2147 inflammat

207 2148 273 2216 (19).
313 2149 460 2201 Coniurati
487 2149 631 2217 sigillatim
655 2146 732 2219 apttd
754 2150 955 2216 imperatricem
972 2148 1115 2201 domestici
1132 2167 1231 2200 nomen
1249 2147 1297 2200 de·

200 2217 311 2289 serunt.
347 2220 458 2288 Singuli
474 2220 654 2272 reiiciantur.
689 2220 828 2271 Postremo
849 2235 881 2270 ta
900 2217 1041 2289 adigitur.
1073 2231 1102 2272 ut
1119 2216 1225 2271 iudicio
1246 2233 1298 2268 ar-

208 2286 365 2343 cessendam
379 2302 474 2357 putet,
498 2305 579 2358 quem
596 2287 763 2359 patriarcba
781 2286 890 2340 indicta
907 2306 993 2341 causa
1014 2286 1201 2341 damnandum
1219 2286 1298 2338 arbi-

208 2358 339 2413 trabatur
356 2358 424 2427 (ao).
459 2356 537 2411 Idem
556 2360 759 2430 imperatricem
776 2360 899 2428 periculi
913 2361 1056 2429 gravitate
1074 2357 1193 2412 deterret
1209 2355 1297 2410 velse-

208 2440 366 2496 menterqae
385 2427 574 2511 'suspicionem
593 2440 683 2494 auget.
719 2432 827 2481 Aeones
845 2433 1052 2480 accusationem
1071 2427 1213 2481 concludit
1227 2426 1294 2495 (as).

208 2499 293 2553 Dolet
322 2510 349 2548 et
373 2512 489 2566 angitur
516 2499 680 2566 imperatrix
705 2511 789 2563 atque
816 2499 849 2549 in
871 2500 1037 2550 sententiam
1062 2499 1295 2551 calumniatorum

206 2563 401 2639 propendens,
430 2569 467 2618 iis
492 2585 519 2620 se
544 2584 603 2619 cam
621 2567 717 2619 liberis
729 2568 809 2636 flens
825 2565 1004 2620 commendat.
1039 2570 1132 2622 Mater
1151 2565 1296 2619 domestici

210 2654 272 2691 cum
282 2635 351 2705 filio
369 2638 482 2688 minimo
504 2649 575 2690 stota
594 2648 620 2688 et
638 2654 723 2691 uxore
742 2638 858 2690 alterius
873 2637 933 2708 filii
947 2636 1022 2690 domi
1037 2640 1116 2691 velat
1135 2638 1166 2689 in
1184 2651 1296 2688 carcere

211 2704 361 2761 clauditur.
397 2706 577 2775 Apocaaclsas
595 2705 673 2759 urbis
688 2707 847 2778 praefectus
867 2721 987 2768 creatas,
1004 2706 1111 2775 frastra
1128 2708 1241 2758 militem
1258 2701 1298 2757 od

215 2773 391 2844 diripiendas
404 2787 431 2826 et
441 2773 607 2829 evertendos
618 2773 762 2830 domestici
782 2775 863 2828 aedes
876 2780 977 2843 ιηιίιίε,Ι
995 2779 1074 2830 caius
1083 2779 1178 2838 amici,
1189 2778 1239 2846 qui
1246 2793 1296 2843 pe·

215 2847 301 2900 riculi
317 2843 433 2897 vitandi
449 2863 484 2899 ea
502 2845 568 2897 urbe
578 2845 734 2914 flegerant,
753 2848 926 2915 imperatrici
940 2865 968 2900 se
988 2862 1137 2909 excusant,
1162 2843 1297 2899 redeundi

209 2915 323 2969 veniam
334 2927 426 2966 orant.
464 2915 586 2967 Gabalos
597 2918 820 2985 praevaricatur
833 2919 897 2984 (asp
936 2919 991 2982 Qui
999 2921 1134 2984 Byzantio
1145 2918 1296 2985 sugerunt,

212 2982 403 3051 Didymoticlsi
419 3001 491 3050 quae
509 2998 574 3037 acto
592 2988 649 3037 sint
668 2999 797 3038 narrant.
835 2987 946 3056 legatis
961 2990 1051 3038 missis
1070 2986 1204 3038 indiciam
1222 2982 1255 3034 de
1269 2999 1298 3036 se

215 3054 380 3109 domesticus
417 3055 537 3106 osculat:
557 3073 574 3106 a
589 3058 724 3108 ministris
736 3057 896 3126 Apocaachi
912 3059 983 3109 mole
1001 3060 1181 3126 accipiuntur
1224 3050 1298 3106 Idem

214 3124 378 3179 domesticus
397 3072 482 3177 Iona
501 3121 665 3179 declaratur
683 3126 749 3194 (23).
785 3127 840 3180 I'es·
850 3128 959 3179 litteras
972 3127 1159 3194 Imperatricis
1169 3124 1299 3175 vicaria·

215 3208 247 3249 ta
262 3195 373 3246 iubetur
394 3194 480 3247 abire.
519 3193 593 3259 Quid
611 3196 746 3264 agendam
765 3196 812 3258 sit,
833 3196 967 3249 militibus
975 3196 1074 3249 bellam
1083 3194 1298 3264 flagitantibus,

215 3267 370 3335 quaeritur.
416 3264 513 3317 Oratio
542 3264 719 3334 longiusculo
741 3265 899 3327 domestici,
925 3283 982 3337 qua
1008 3269 1112 3319 crimen
1142 3259 1301 3333 occupandi

215 3335 299 3405 regni
314 3333 424 3398 refellit.
460 3332 505 3384 Ad
514 3333 714 3400 imperatricem
729 3337 887 3406 profectas,
905 3337 964 3388 eius
979 3352 1008 3387 se
1021 3336 1175 3387 arbitratui
1183 3331 1299 3401 permit·
1383 3361 1389 3376 ι

216 3414 275 3456 tere
297 3406 402 3473 cogitat
427 3402 493 3472 (ol).
537 3405 666 3457 Proceres
689 3409 793 3460 rectius
816 3407 896 3459 rebus
916 3406 1104 3458 consulturum
1122 3416 1249 3462 censeat,
1273 3401 1300 3453 si

215 3489 367 3545 purpuram
382 3470 491 3524 induat.
512 3474 551 3526 Iis
561 3476 701 3538 renitens,
721 3476 833 3530 tandem
846 3478 890 3529 rei
902 3471 1032 3545 publicae
1047 3493 1133 3527 caasa
1144 3490 1237 3525 eorum
1248 3488 1300 3523 vo·

217 3544 323 3598 luntati
337 3542 498 3612 obsequitur
510 3546 566 3610 (25.
575 3547 628 3613 26).
653 3543 842 3611 Didymoticlsi
849 3545 944 3615 palam
953 3547 1028 3612 capit
1040 3557 1169 3597 ornatum
1181 3545 1300 3612 impero·

218 3614 321 3665 tarium
331 3629 390 3665 cam
398 3612 508 3682 faustis
517 3615 774 3667 acclamationibus.
813 3612 953 3682 Quaedam
967 3614 1126 3680 futurorum
1140 3613 1300 3681 praesagia.

217 3683 353 3752 Episcopi
378 3680 626 3752 Didymoticlsensis
651 3686 741 3737 visum
765 3699 791 3739 et
815 3688 874 3738 eius
891 3687 951 3738 viri
967 3687 1030 3738 laus
1046 3685 1111 3753 (η).
1146 3686 1302 3752 Imperator

219 3769 316 3806 rursus
341 3752 375 3805 ab
402 3769 430 3805 se
451 3754 632 3822 suspicionem
650 3754 810 3821 tyrannidis
834 3768 978 3820 removet,·
996 3755 1130 3807 militibus
1148 3769 1246 3803 uxores
1266 3765 1301 3802 ac

219 3822 322 3875 liberas
343 3820 507 3876 habentibus
524 3824 679 3876 missionem
703 3822 770 3890 dot,·
790 3838 910 3878 retentos
937 3827 969 3877 in
992 3841 1088 3895 ogram
1115 3824 1300 3887 Byzantinuns

218 3894 321 3951 mittit,
341 3890 433 3946 eodem
450 3892 533 3945 brevi
545 3905 680 3948 uenturas
688 3895 835 3964 urbemque
846 3897 1004 3947 invasurus.
1038 3894 1176 3945 Il'orratio
1188 3889 1302 3958 longior

220 3959 254 4015 de
266 3961 358 4025 malis,
373 3981 444 4034 quae
462 3961 649 4032 Adrianopoli
668 3984 702 4017 ex
720 3963 858 4017 seditione
876 3965 909 4017 ob
927 3981 1029 4016 novum
1045 3964 1240 4023 Imperatorem
1251 3976 1302 4011 eu·

219 4033 352 4084 stiterint.
388 4034 454 4085 Item
468 4034 638 4087 calamitates
652 4054 704 4105 pes·
723 4036 869 4086 Romanum
888 4036 1029 4104 imperium
1046 4044 1160 4102 propter
1185 4026 1300 4083 eundem

219 4102 284 4169 (as).
323 4098 576 4172 Adrianopolitani
588 4102 753 4166 Alexandri,
773 4108 929 4159 Moesorum
945 4105 1030 4173 regis,
1054 4119 1129 4172 opem
1147 4102 1300 4153 invocant:

220 4173 299 4224 caius
317 4169 454 4226 adventus
476 4175 670 4229 Cantacaeerto
687 4174 801 4228 multum
821 4175 904 4228 obest.
939 4176 1030 4227 Moesi
1049 4169 1202 4237 praedones
1217 4189 1234 4221 a
1248 4169 1303 4221 tto·

218 4243 309 4297 manis
323 4244 426 4314 partim
443 4240 617 4314 caeduntur,
632 4247 738 4319 partim
759 4247 911 4316 capiuntur
932 4243 999 4316 (29).
1035 4245 1102 4314 Opes
1114 4238 1306 4297 Camacueeni
