<?xml version="1.0" encoding="UTF-8"?>
<!DOCTYPE html PUBLIC "-//W3C//DTD XHTML 1.0 Transitional//EN"
    "http://www.w3.org/TR/xhtml1/DTD/xhtml1-transitional.dtd">
<html xmlns="http://www.w3.org/1999/xhtml" xml:lang="en" lang="en">
 <head>
  <title>
</title>
<meta http-equiv="Content-Type" content="text/html;charset=utf-8" />
  <meta name='ocr-system' content='tesseract 3.04.00' />
  <meta name='ocr-capabilities' content='ocr_page ocr_carea ocr_par ocr_line ocrx_word'/>
</head>
<body>
  <div class='ocr_page' id='page_1' title='image "./ioanniscantacuz02joangoog_0453.png"; bbox 0 0 2934 4700; ppageno 0'>
   <div class='ocr_carea' id='block_1_1' title="bbox 474 244 1252 350">
    <p class='ocr_par' dir='ltr' id='par_1_1' title="bbox 474 244 1252 350">
     <span class='ocr_line' id='line_1_1' title="bbox 474 244 1252 350; baseline -0.014 -9"><span class='ocrx_word' id='word_1_1' title='bbox 474 273 759 342; x_wconf 79' lang='lat' dir='ltr'><strong>uisuomanun</strong></span> <span class='ocrx_word' id='word_1_2' title='bbox 789 272 844 338; x_wconf 89' lang='grc' dir='ltr'><em>ιιι.</em></span> <span class='ocrx_word' id='word_1_3' title='bbox 863 277 917 350; x_wconf 75' lang='lat'><strong>07.</strong></span> <span class='ocrx_word' id='word_1_4' title='bbox 1171 244 1252 348; x_wconf 74' lang='lat' dir='ltr'><strong>trs</strong></span> 
     </span>
    </p>
   </div>
   <div class='ocr_carea' id='block_1_2' title="bbox 118 418 1405 2892">
    <p class='ocr_par' dir='ltr' id='par_1_2' title="bbox 157 418 1405 1305">
     <span class='ocr_line' id='line_1_2' title="bbox 178 418 1405 514; baseline -0.002 -25"><span class='ocrx_word' id='word_1_5' title='bbox 178 420 303 500; x_wconf 74' lang='grc' dir='ltr'><em>εἰναίας</em></span> <span class='ocrx_word' id='word_1_6' title='bbox 321 421 438 502; x_wconf 80' lang='grc' dir='ltr'><em>πολλαὶς</em></span> <span class='ocrx_word' id='word_1_7' title='bbox 459 423 611 508; x_wconf 73' lang='grc' dir='ltr'><em>ὁμολόγει</em></span> <span class='ocrx_word' id='word_1_8' title='bbox 630 421 790 511; x_wconf 75' lang='grc' dir='ltr'><em>χάριτας·</em></span> <span class='ocrx_word' id='word_1_9' title='bbox 822 420 1032 513; x_wconf 11' lang='grc' dir='ltr'><em>συνεβούλευε,</em></span> <span class='ocrx_word' id='word_1_10' title='bbox 1053 424 1099 507; x_wconf 76' lang='grc' dir='ltr'><strong>δὲ,</strong></span> <span class='ocrx_word' id='word_1_11' title='bbox 1117 422 1190 487; x_wconf 69' lang='grc' dir='ltr'><em>ἐπεὶ</em></span> <span class='ocrx_word' id='word_1_12' title='bbox 1210 418 1254 507; x_wconf 81' lang='grc' dir='ltr'><em>μή</em></span> <span class='ocrx_word' id='word_1_13' title='bbox 1266 442 1326 499; x_wconf 52' lang='grc' dir='ltr'><strong>με,</strong></span> <span class='ocrx_word' id='word_1_14' title='bbox 1338 442 1405 514; x_wconf 67' lang='lat'><strong>1343</strong></span> 
     </span>
     <span class='ocr_line' id='line_1_3' title="bbox 160 518 1284 609; baseline 0.003 -25"><span class='ocrx_word' id='word_1_15' title='bbox 160 520 301 588; x_wconf 73' lang='grc' dir='ltr'><em>,πείθειν</em></span> <span class='ocrx_word' id='word_1_16' title='bbox 328 518 431 593; x_wconf 66' lang='lat' dir='ltr'><strong>eidone</strong></span> <span class='ocrx_word' id='word_1_17' title='bbox 469 525 605 607; x_wconf 75' lang='grc' dir='ltr'><em>ἐγένετο,</em></span> <span class='ocrx_word' id='word_1_18' title='bbox 650 524 819 609; x_wconf 70' lang='grc' dir='ltr'><strong><em>πρεσβείαν</em></strong></span> <span class='ocrx_word' id='word_1_19' title='bbox 838 520 917 607; x_wconf 77' lang='grc' dir='ltr'><em>πρὸς</em></span> <span class='ocrx_word' id='word_1_20' title='bbox 945 520 1096 605; x_wconf 76' lang='grc' dir='ltr'><strong>βασιλίδα</strong></span> <span class='ocrx_word' id='word_1_21' title='bbox 1124 524 1284 603; x_wconf 72' lang='grc' dir='ltr'><em>πέμπεινα</em></span> 
     </span>
     <span class='ocr_line' id='line_1_4' title="bbox 178 618 1261 709; baseline 0 -23"><span class='ocrx_word' id='word_1_22' title='bbox 178 623 223 697; x_wconf 89' lang='grc' dir='ltr'><strong>εἰς</strong></span> <span class='ocrx_word' id='word_1_23' title='bbox 243 619 419 701; x_wconf 75' lang='grc' dir='ltr'><em>Βυζάντιον</em></span> <span class='ocrx_word' id='word_1_24' title='bbox 446 622 501 688; x_wconf 86' lang='grc' dir='ltr'><em>καί</em></span> <span class='ocrx_word' id='word_1_25' title='bbox 522 621 651 705; x_wconf 76' lang='grc' dir='ltr'><em>ὁμοίους</em></span> <span class='ocrx_word' id='word_1_26' title='bbox 675 632 740 698; x_wconf 81' lang='grc' dir='ltr'><em>τοῖς</em></span> <span class='ocrx_word' id='word_1_27' title='bbox 762 626 925 709; x_wconf 75' lang='grc' dir='ltr'><strong>προτέροις</strong></span> <span class='ocrx_word' id='word_1_28' title='bbox 948 626 1022 707; x_wconf 81' lang='grc' dir='ltr'><em>περί</em></span> <span class='ocrx_word' id='word_1_29' title='bbox 1049 624 1105 706; x_wconf 75' lang='grc' dir='ltr'><em>τῆς</em></span> <span class='ocrx_word' id='word_1_30' title='bbox 1135 618 1261 707; x_wconf 90' lang='grc' dir='ltr'><em>εἰρήνης</em></span> 
     </span>
     <span class='ocr_line' id='line_1_5' title="bbox 179 715 1262 808; baseline -0.003 -22"><span class='ocrx_word' id='word_1_31' title='bbox 179 726 340 787; x_wconf 81' lang='grc' dir='ltr'><em>ποιεῖσθαι</em></span> <span class='ocrx_word' id='word_1_32' title='bbox 372 721 484 805; x_wconf 80' lang='grc' dir='ltr'><em>λόγους</em></span> <span class='ocrx_word' id='word_1_33' title='bbox 504 721 559 789; x_wconf 85' lang='grc' dir='ltr'><strong>καί</strong></span> <span class='ocrx_word' id='word_1_34' title='bbox 586 721 645 808; x_wconf 85' lang='grc' dir='ltr'><em>τήν</em></span> <span class='ocrx_word' id='word_1_35' title='bbox 677 724 828 805; x_wconf 72' lang='grc' dir='ltr'><em>ἀβουλίαν</em></span> <span class='ocrx_word' id='word_1_36' title='bbox 861 721 1025 800; x_wconf 75' lang='grc' dir='ltr'><em>ὀνειδίζειν</em></span> <span class='ocrx_word' id='word_1_37' title='bbox 1055 723 1182 802; x_wconf 84' lang='grc' dir='ltr'><em>αιίτοῖς,</em></span> <span class='ocrx_word' id='word_1_38' title='bbox 1213 715 1262 786; x_wconf 80' lang='grc' dir='ltr'><em>ὅτι</em></span> 
     </span>
     <span class='ocr_line' id='line_1_6' title="bbox 157 810 1263 911; baseline -0.003 -24"><span class='ocrx_word' id='word_1_39' title='bbox 157 817 234 887; x_wconf 72' lang='grc' dir='ltr'><strong>ὅθιοί</strong></span> <span class='ocrx_word' id='word_1_40' title='bbox 255 819 369 907; x_wconf 83' lang='grc' dir='ltr'><em>ταίπην</em></span> <span class='ocrx_word' id='word_1_41' title='bbox 389 824 428 909; x_wconf 82' lang='grc' dir='ltr'><strong>τῇ</strong></span> <span class='ocrx_word' id='word_1_42' title='bbox 447 810 614 904; x_wconf 65' lang='lat' dir='ltr'><strong>‘Parnasius</strong></span> <span class='ocrx_word' id='word_1_43' title='bbox 634 820 786 911; x_wconf 79' lang='grc' dir='ltr'><em>ήγεμονίρι</em></span> <span class='ocrx_word' id='word_1_44' title='bbox 814 824 930 905; x_wconf 84' lang='grc' dir='ltr'><em>πολλῆς</em></span> <span class='ocrx_word' id='word_1_45' title='bbox 958 819 1052 886; x_wconf 84' lang='grc' dir='ltr'><em>αἴτιοι</em></span> <span class='ocrx_word' id='word_1_46' title='bbox 1086 822 1263 906; x_wconf 70' lang='grc' dir='ltr'><em>γεγένηνται</em></span> 
     </span>
     <span class='ocr_line' id='line_1_7' title="bbox 179 915 1313 1006; baseline -0.001 -22"><span class='ocrx_word' id='word_1_47' title='bbox 179 924 328 1006; x_wconf 81' lang='grc' dir='ltr'><em>φθορᾶς,</em></span> <span class='ocrx_word' id='word_1_48' title='bbox 362 922 419 985; x_wconf 86' lang='grc' dir='ltr'><strong>καί</strong></span> <span class='ocrx_word' id='word_1_49' title='bbox 446 917 493 985; x_wconf 78' lang='grc' dir='ltr'><em>ἔτι</em></span> <span class='ocrx_word' id='word_1_50' title='bbox 524 923 684 1005; x_wconf 86' lang='grc' dir='ltr'><em>πλείονος,</em></span> <span class='ocrx_word' id='word_1_51' title='bbox 715 915 756 986; x_wconf 79' lang='grc' dir='ltr'><em>ιίν</em></span> <span class='ocrx_word' id='word_1_52' title='bbox 774 918 819 1005; x_wconf 85' lang='grc' dir='ltr'><em>μή</em></span> <span class='ocrx_word' id='word_1_53' title='bbox 842 922 1033 1001; x_wconf 81' lang='grc' dir='ltr'><em>πείθωνται,</em></span> <span class='ocrx_word' id='word_1_54' title='bbox 1070 919 1263 1003; x_wconf 84' lang='grc' dir='ltr'><em>γενήσονται.</em></span> <span class='ocrx_word' id='word_1_55' title='bbox 1310 932 1313 945; x_wconf 85' lang='grc'><strong>’</strong></span> 
     </span>
     <span class='ocr_line' id='line_1_8' title="bbox 178 1010 1297 1104; baseline -0.002 -21"><span class='ocrx_word' id='word_1_56' title='bbox 178 1027 345 1104; x_wconf 75' lang='grc' dir='ltr'><strong>παραινεῖν</strong></span> <span class='ocrx_word' id='word_1_57' title='bbox 367 1044 401 1085; x_wconf 89' lang='grc' dir='ltr'><strong>τε</strong></span> <span class='ocrx_word' id='word_1_58' title='bbox 423 1012 520 1097; x_wconf 72' lang='grc' dir='ltr'><em>αὖθις</em></span> <span class='ocrx_word' id='word_1_59' title='bbox 539 1010 595 1085; x_wconf 73' lang='grc' dir='ltr'><em>τόν</em></span> <span class='ocrx_word' id='word_1_60' title='bbox 614 1019 749 1103; x_wconf 83' lang='grc' dir='ltr'><em>πόλεμον</em></span> <span class='ocrx_word' id='word_1_61' title='bbox 769 1018 955 1097; x_wconf 81' lang='grc' dir='ltr'><em>καταλύειν,</em></span> <span class='ocrx_word' id='word_1_62' title='bbox 987 1021 1042 1083; x_wconf 86' lang='grc' dir='ltr'><em>καί</em></span> <span class='ocrx_word' id='word_1_63' title='bbox 1059 1020 1104 1102; x_wconf 80' lang='grc' dir='ltr'><em>μή</em></span> <span class='ocrx_word' id='word_1_64' title='bbox 1131 1016 1183 1082; x_wconf 78' lang='grc' dir='ltr'><em>διὰ</em></span> <span class='ocrx_word' id='word_1_65' title='bbox 1207 1043 1263 1104; x_wconf 82' lang='lat' dir='ltr'><strong>‹ps-</strong></span> <span class='ocrx_word' id='word_1_66' title='bbox 1294 1010 1297 1021; x_wconf 18' lang='grc' dir='ltr'>Χ</span> 
     </span>
     <span class='ocr_line' id='line_1_9' title="bbox 178 1114 1351 1207; baseline -0.003 -23"><span class='ocrx_word' id='word_1_67' title='bbox 178 1119 335 1184; x_wconf 86' lang='grc' dir='ltr'><em>λουεικίαν</em></span> <span class='ocrx_word' id='word_1_68' title='bbox 357 1118 495 1203; x_wconf 78' lang='grc' dir='ltr'><em>ἔχουσαν</em></span> <span class='ocrx_word' id='word_1_69' title='bbox 512 1114 605 1186; x_wconf 70' lang='grc' dir='ltr'><em>οὐδὲν</em></span> <span class='ocrx_word' id='word_1_70' title='bbox 623 1117 710 1207; x_wconf 73' lang='grc' dir='ltr'><em>ιῖγιὲς</em></span> <span class='ocrx_word' id='word_1_71' title='bbox 738 1122 886 1207; x_wconf 78' lang='grc' dir='ltr'><em>περιορᾷν</em></span> <span class='ocrx_word' id='word_1_72' title='bbox 916 1117 1073 1203; x_wconf 77' lang='grc' dir='ltr'><strong>ὁσημέραι</strong></span> <span class='ocrx_word' id='word_1_73' title='bbox 1092 1115 1167 1193; x_wconf 77' lang='grc' dir='ltr'><em>τούς</em></span> <span class='ocrx_word' id='word_1_74' title='bbox 1188 1115 1263 1199; x_wconf 73' lang='lat' dir='ltr'><strong>‹ipo-</strong></span> <span class='ocrx_word' id='word_1_75' title='bbox 1348 1120 1351 1133; x_wconf 91' lang='lat'>&#39;</span> 
     </span>
     <span class='ocr_line' id='line_1_10' title="bbox 180 1215 1263 1305; baseline 0.001 -23"><span class='ocrx_word' id='word_1_76' title='bbox 180 1215 303 1305; x_wconf 76' lang='grc' dir='ltr'><em>φίλους</em></span> <span class='ocrx_word' id='word_1_77' title='bbox 323 1218 684 1304; x_wconf 76' lang='grc' dir='ltr'><em>ἰξαυιλραποδιζομένυυς</em></span> <span class='ocrx_word' id='word_1_78' title='bbox 703 1219 759 1285; x_wconf 88' lang='grc' dir='ltr'><strong>καί</strong></span> <span class='ocrx_word' id='word_1_79' title='bbox 776 1221 990 1301; x_wconf 78' lang='grc' dir='ltr'><strong>κτεινομένους</strong></span> <span class='ocrx_word' id='word_1_80' title='bbox 1009 1220 1065 1283; x_wconf 88' lang='grc' dir='ltr'><em>καί</em></span> <span class='ocrx_word' id='word_1_81' title='bbox 1082 1216 1123 1282; x_wconf 86' lang='grc' dir='ltr'><strong>τοὶ</strong></span> <span class='ocrx_word' id='word_1_82' title='bbox 1145 1215 1263 1302; x_wconf 81' lang='grc' dir='ltr'><em>ἔσχατα</em></span> 
     </span>
    </p>

    <p class='ocr_par' dir='ltr' id='par_1_3' title="bbox 134 1310 1266 1406">
     <span class='ocr_line' id='line_1_11' title="bbox 134 1310 1266 1406; baseline -0.001 -24"><span class='ocrx_word' id='word_1_83' title='bbox 134 1318 399 1400; x_wconf 78' lang='grc' dir='ltr'><em>ἰοῦιιυμένοντας.</em></span> <span class='ocrx_word' id='word_1_84' title='bbox 428 1320 538 1384; x_wconf 74' lang='grc' dir='ltr'><em>ἐκεῖνον</em></span> <span class='ocrx_word' id='word_1_85' title='bbox 560 1321 596 1384; x_wconf 78' lang='lat' dir='ltr'><strong>di</strong></span> <span class='ocrx_word' id='word_1_86' title='bbox 619 1321 688 1406; x_wconf 84' lang='grc' dir='ltr'><em>(καί</em></span> <span class='ocrx_word' id='word_1_87' title='bbox 711 1318 771 1406; x_wconf 77' lang='grc' dir='ltr'><strong>γὰρ</strong></span> <span class='ocrx_word' id='word_1_88' title='bbox 800 1313 914 1385; x_wconf 77' lang='grc' dir='ltr'><em>οὐδένα</em></span> <span class='ocrx_word' id='word_1_89' title='bbox 935 1310 1046 1399; x_wconf 76' lang='grc' dir='ltr'><em>αὖθις,</em></span> <span class='ocrx_word' id='word_1_90' title='bbox 1084 1311 1187 1403; x_wconf 73' lang='grc' dir='ltr'><em>ὥσπερ</em></span> <span class='ocrx_word' id='word_1_91' title='bbox 1210 1315 1266 1381; x_wconf 84' lang='grc' dir='ltr'><em>καί</em></span> 
     </span>
    </p>

    <p class='ocr_par' dir='ltr' id='par_1_4' title="bbox 118 1414 1294 1702">
     <span class='ocr_line' id='line_1_12' title="bbox 118 1414 1294 1505; baseline -0.001 -24"><span class='ocrx_word' id='word_1_92' title='bbox 118 1419 121 1424; x_wconf 75' lang='grc'><strong>’</strong></span> <span class='ocrx_word' id='word_1_93' title='bbox 177 1414 345 1503; x_wconf 87' lang='grc' dir='ltr'><em>πρότερον,</em></span> <span class='ocrx_word' id='word_1_94' title='bbox 358 1415 541 1501; x_wconf 80' lang='grc' dir='ltr'><em>ποιήσονται</em></span> <span class='ocrx_word' id='word_1_95' title='bbox 561 1420 617 1503; x_wconf 81' lang='grc' dir='ltr'><em>τῆς</em></span> <span class='ocrx_word' id='word_1_96' title='bbox 640 1417 766 1503; x_wconf 77' lang='grc' dir='ltr'><strong>εἰρήνης</strong></span> <span class='ocrx_word' id='word_1_97' title='bbox 786 1415 912 1505; x_wconf 88' lang='grc' dir='ltr'><em>λόγον,)</em></span> <span class='ocrx_word' id='word_1_98' title='bbox 933 1415 988 1482; x_wconf 73' lang='lat' dir='ltr'><strong>tut</strong></span> <span class='ocrx_word' id='word_1_99' title='bbox 1006 1414 1041 1481; x_wconf 86' lang='grc' dir='ltr'><strong>τιί</strong></span> <span class='ocrx_word' id='word_1_100' title='bbox 1063 1419 1186 1481; x_wconf 77' lang='grc' dir='ltr'><em>πείθειν</em></span> <span class='ocrx_word' id='word_1_101' title='bbox 1206 1418 1294 1480; x_wconf 75' lang='lat' dir='ltr'><strong>usi-c</strong></span> 
     </span>
     <span class='ocr_line' id='line_1_13' title="bbox 177 1512 1265 1604; baseline -0.002 -24"><span class='ocrx_word' id='word_1_102' title='bbox 177 1513 230 1580; x_wconf 83' lang='grc' dir='ltr'><em>τὸν</em></span> <span class='ocrx_word' id='word_1_103' title='bbox 250 1512 364 1580; x_wconf 73' lang='lat' dir='ltr'><strong>adraim</strong></span> <span class='ocrx_word' id='word_1_104' title='bbox 387 1517 559 1603; x_wconf 78' lang='grc' dir='ltr'><em>τρέψονται</em></span> <span class='ocrx_word' id='word_1_105' title='bbox 589 1518 791 1604; x_wconf 82' lang='grc' dir='ltr'><em>α’φίστασθαι</em></span> <span class='ocrx_word' id='word_1_106' title='bbox 821 1516 962 1595; x_wconf 81' lang='grc' dir='ltr'><em>ἐκείνου,</em></span> <span class='ocrx_word' id='word_1_107' title='bbox 995 1517 1050 1579; x_wconf 87' lang='grc' dir='ltr'><strong>καί</strong></span> <span class='ocrx_word' id='word_1_108' title='bbox 1084 1519 1265 1598; x_wconf 79' lang='grc' dir='ltr'><em>πέμψαντες</em></span> 
     </span>
     <span class='ocr_line' id='line_1_14' title="bbox 178 1608 1265 1702; baseline 0.002 -24"><span class='ocrx_word' id='word_1_109' title='bbox 178 1608 356 1700; x_wconf 78' lang='grc' dir='ltr'><em>ἇξιόχρεών</em></span> <span class='ocrx_word' id='word_1_110' title='bbox 388 1641 479 1699; x_wconf 85' lang='grc' dir='ltr'><em>τινα,</em></span> <span class='ocrx_word' id='word_1_111' title='bbox 510 1611 547 1682; x_wconf 73' lang='lat' dir='ltr'><strong>dr</strong></span> <span class='ocrx_word' id='word_1_112' title='bbox 575 1615 734 1702; x_wconf 77' lang='grc' dir='ltr'><em>οἰήσονται</em></span> <span class='ocrx_word' id='word_1_113' title='bbox 764 1619 860 1682; x_wconf 82' lang='grc' dir='ltr'><em>τοῦτο</em></span> <span class='ocrx_word' id='word_1_114' title='bbox 890 1615 1140 1701; x_wconf 76' lang='grc' dir='ltr'><em>κατεργάσεσθαι</em></span> <span class='ocrx_word' id='word_1_115' title='bbox 1168 1615 1265 1700; x_wconf 80' lang='grc' dir='ltr'><em>δυνή-</em></span> 
     </span>
    </p>

    <p class='ocr_par' dir='ltr' id='par_1_5' title="bbox 138 1713 1266 1803">
     <span class='ocr_line' id='line_1_15' title="bbox 138 1713 1266 1803; baseline 0.001 -25"><span class='ocrx_word' id='word_1_116' title='bbox 138 1782 141 1786; x_wconf 13' lang='grc' dir='ltr'><em>Δ</em></span> <span class='ocrx_word' id='word_1_117' title='bbox 177 1718 312 1796; x_wconf 86' lang='grc' dir='ltr'><em>σεσθαι,</em></span> <span class='ocrx_word' id='word_1_118' title='bbox 341 1715 529 1799; x_wconf 75' lang='grc' dir='ltr'><em>παρέξονται</em></span> <span class='ocrx_word' id='word_1_119' title='bbox 556 1715 613 1780; x_wconf 83' lang='grc' dir='ltr'><strong>καί</strong></span> <span class='ocrx_word' id='word_1_120' title='bbox 636 1714 791 1803; x_wconf 83' lang='grc' dir='ltr'><em>χρήματα</em></span> <span class='ocrx_word' id='word_1_121' title='bbox 818 1713 917 1780; x_wconf 71' lang='grc' dir='ltr'><em>πολλὰ</em></span> <span class='ocrx_word' id='word_1_122' title='bbox 945 1720 1001 1800; x_wconf 78' lang='grc' dir='ltr'><em>τῆς</em></span> <span class='ocrx_word' id='word_1_123' title='bbox 1032 1714 1266 1800; x_wconf 65' lang='grc' dir='ltr'><em>ἀναχωρήσεως</em></span> 
     </span>
    </p>

    <p class='ocr_par' dir='ltr' id='par_1_6' title="bbox 138 1811 1360 2295">
     <span class='ocr_line' id='line_1_16' title="bbox 138 1811 1266 1903; baseline -0.001 -23"><span class='ocrx_word' id='word_1_124' title='bbox 138 1811 295 1894; x_wconf 77' lang='grc' dir='ltr'><em>ιόμισθὸν</em></span> <span class='ocrx_word' id='word_1_125' title='bbox 314 1815 370 1877; x_wconf 86' lang='grc' dir='ltr'><em>ιιαί</em></span> <span class='ocrx_word' id='word_1_126' title='bbox 386 1816 474 1897; x_wconf 79' lang='grc' dir='ltr'><em>ναῦς,</em></span> <span class='ocrx_word' id='word_1_127' title='bbox 491 1811 542 1892; x_wconf 81' lang='grc' dir='ltr'><strong>αἷς</strong></span> <span class='ocrx_word' id='word_1_128' title='bbox 560 1811 714 1903; x_wconf 85' lang='grc' dir='ltr'><em>χρήσεται</em></span> <span class='ocrx_word' id='word_1_129' title='bbox 733 1816 815 1900; x_wconf 81' lang='grc' dir='ltr'><em>πρὸς</em></span> <span class='ocrx_word' id='word_1_130' title='bbox 833 1816 890 1900; x_wconf 89' lang='grc' dir='ltr'><em>τήν</em></span> <span class='ocrx_word' id='word_1_131' title='bbox 910 1811 1067 1899; x_wconf 80' lang='grc' dir='ltr'><em>διάβασιν.</em></span> <span class='ocrx_word' id='word_1_132' title='bbox 1099 1813 1154 1880; x_wconf 88' lang='grc' dir='ltr'><em>καί</em></span> <span class='ocrx_word' id='word_1_133' title='bbox 1173 1818 1212 1902; x_wconf 79' lang='grc' dir='ltr'><strong>τῇ</strong></span> <span class='ocrx_word' id='word_1_134' title='bbox 1230 1838 1266 1880; x_wconf 87' lang='grc' dir='ltr'><strong>τε</strong></span> 
     </span>
     <span class='ocr_line' id='line_1_17' title="bbox 176 1910 1263 2003; baseline 0.001 -26"><span class='ocrx_word' id='word_1_135' title='bbox 176 1912 311 2003; x_wconf 75' lang='grc' dir='ltr'><em>στρατιᾷ</em></span> <span class='ocrx_word' id='word_1_136' title='bbox 334 1911 370 1978; x_wconf 84' lang='grc' dir='ltr'><strong>τὸ</strong></span> <span class='ocrx_word' id='word_1_137' title='bbox 397 1910 654 1997; x_wconf 68' lang='grc' dir='ltr'><em>σπουδαζόμενον</em></span> <span class='ocrx_word' id='word_1_138' title='bbox 674 1911 765 1979; x_wconf 82' lang='grc' dir='ltr'><em>ἔσται</em></span> <span class='ocrx_word' id='word_1_139' title='bbox 794 1913 936 1999; x_wconf 79' lang='grc' dir='ltr'><em>η’νυκυλς,</em></span> <span class='ocrx_word' id='word_1_140' title='bbox 970 1914 1026 1978; x_wconf 86' lang='grc' dir='ltr'><em>καί</em></span> <span class='ocrx_word' id='word_1_141' title='bbox 1042 1912 1081 1979; x_wconf 81' lang='grc' dir='ltr'><strong>τὰ</strong></span> <span class='ocrx_word' id='word_1_142' title='bbox 1109 1916 1263 1998; x_wconf 82' lang='grc' dir='ltr'><em>χρήματα</em></span> 
     </span>
     <span class='ocr_line' id='line_1_18' title="bbox 176 2008 1261 2100; baseline -0.002 -23"><span class='ocrx_word' id='word_1_143' title='bbox 176 2008 282 2093; x_wconf 75' lang='grc' dir='ltr'><em>λαβυίν</em></span> <span class='ocrx_word' id='word_1_144' title='bbox 305 2014 477 2093; x_wconf 71' lang='grc' dir='ltr'><em>ἀμείψεται</em></span> <span class='ocrx_word' id='word_1_145' title='bbox 489 2010 561 2088; x_wconf 84' lang='grc' dir='ltr'><em>τούς</em></span> <span class='ocrx_word' id='word_1_146' title='bbox 579 2014 757 2100; x_wconf 73' lang='grc' dir='ltr'><em>προθύμως</em></span> <span class='ocrx_word' id='word_1_147' title='bbox 776 2016 1118 2097; x_wconf 81' lang='grc' dir='ltr'><em>συστρατευσαμένους.</em></span> <span class='ocrx_word' id='word_1_148' title='bbox 1140 2012 1177 2075; x_wconf 74' lang='lat' dir='ltr'><strong>osi</strong></span> <span class='ocrx_word' id='word_1_149' title='bbox 1197 2011 1261 2097; x_wconf 81' lang='grc' dir='ltr'><strong>γιίρ</strong></span> 
     </span>
     <span class='ocr_line' id='line_1_19' title="bbox 177 2107 1360 2196; baseline 0.003 -21"><span class='ocrx_word' id='word_1_150' title='bbox 177 2113 301 2175; x_wconf 80' lang='grc' dir='ltr'><em>δίκαιον</em></span> <span class='ocrx_word' id='word_1_151' title='bbox 321 2107 437 2193; x_wconf 80' lang='grc' dir='ltr'><em>ὁμοίως</em></span> <span class='ocrx_word' id='word_1_152' title='bbox 468 2112 566 2176; x_wconf 78' lang='grc' dir='ltr'><em>πᾶσιν</em></span> <span class='ocrx_word' id='word_1_153' title='bbox 591 2113 777 2196; x_wconf 78' lang='grc' dir='ltr'><em>ὀργίζεσθαι</em></span> <span class='ocrx_word' id='word_1_154' title='bbox 797 2115 852 2176; x_wconf 87' lang='grc' dir='ltr'><strong>καί</strong></span> <span class='ocrx_word' id='word_1_155' title='bbox 870 2112 959 2188; x_wconf 83' lang='grc' dir='ltr'><em>δίκας</em></span> <span class='ocrx_word' id='word_1_156' title='bbox 978 2113 1144 2193; x_wconf 80' lang='grc' dir='ltr'><em>αἰπαιτείν,</em></span> <span class='ocrx_word' id='word_1_157' title='bbox 1181 2109 1360 2194; x_wconf 56' lang='lat' dir='ltr'><strong>&amp;sidetes</strong></span> 
     </span>
     <span class='ocr_line' id='line_1_20' title="bbox 177 2206 1264 2295; baseline 0 -22"><span class='ocrx_word' id='word_1_158' title='bbox 177 2209 253 2284; x_wconf 82' lang='grc' dir='ltr'><em>τούς</em></span> <span class='ocrx_word' id='word_1_159' title='bbox 273 2210 334 2291; x_wconf 78' lang='grc' dir='ltr'><strong>μὲν</strong></span> <span class='ocrx_word' id='word_1_160' title='bbox 356 2208 478 2284; x_wconf 79' lang='grc' dir='ltr'><em>αἰτίους</em></span> <span class='ocrx_word' id='word_1_161' title='bbox 502 2213 558 2295; x_wconf 83' lang='grc' dir='ltr'><em>τής</em></span> <span class='ocrx_word' id='word_1_162' title='bbox 589 2211 769 2286; x_wconf 75' lang='grc' dir='ltr'><em>αιίθαιίειας</em></span> <span class='ocrx_word' id='word_1_163' title='bbox 799 2214 913 2294; x_wconf 78' lang='grc' dir='ltr'><em>μέτρια</em></span> <span class='ocrx_word' id='word_1_164' title='bbox 942 2206 1104 2291; x_wconf 75' lang='grc' dir='ltr'><em>κολάζειν,</em></span> <span class='ocrx_word' id='word_1_165' title='bbox 1133 2209 1186 2273; x_wconf 73' lang='grc' dir='ltr'><strong>ἵνα</strong></span> <span class='ocrx_word' id='word_1_166' title='bbox 1217 2207 1264 2294; x_wconf 85' lang='grc' dir='ltr'><em>μή</em></span> 
     </span>
    </p>

    <p class='ocr_par' dir='ltr' id='par_1_7' title="bbox 137 2302 1294 2795">
     <span class='ocr_line' id='line_1_21' title="bbox 137 2302 1264 2395; baseline -0.005 -18"><span class='ocrx_word' id='word_1_167' title='bbox 137 2305 378 2392; x_wconf 74' lang='grc' dir='ltr'><em>ποπαρὰιίειγμα</em></span> <span class='ocrx_word' id='word_1_168' title='bbox 401 2317 466 2384; x_wconf 79' lang='grc' dir='ltr'><em>τοῖς</em></span> <span class='ocrx_word' id='word_1_169' title='bbox 485 2302 591 2385; x_wconf 76' lang='grc' dir='ltr'><em>ἄλλοις</em></span> <span class='ocrx_word' id='word_1_170' title='bbox 609 2310 757 2395; x_wconf 75' lang='grc' dir='ltr'><em>γίνωνται</em></span> <span class='ocrx_word' id='word_1_171' title='bbox 779 2309 1026 2392; x_wconf 74' lang='grc' dir='ltr'><em>ἀναισχυντίας,</em></span> <span class='ocrx_word' id='word_1_172' title='bbox 1047 2307 1124 2383; x_wconf 83' lang='grc' dir='ltr'><em>τούς</em></span> <span class='ocrx_word' id='word_1_173' title='bbox 1144 2308 1180 2372; x_wconf 80' lang='grc' dir='ltr'><strong>δὲ</strong></span> <span class='ocrx_word' id='word_1_174' title='bbox 1200 2314 1264 2372; x_wconf 87' lang='grc' dir='ltr'><em>λυτ-</em></span> 
     </span>
     <span class='ocr_line' id='line_1_22' title="bbox 176 2405 1266 2497; baseline 0.005 -27"><span class='ocrx_word' id='word_1_175' title='bbox 176 2405 256 2482; x_wconf 80' lang='grc' dir='ltr'><em>ποιίς</em></span> <span class='ocrx_word' id='word_1_176' title='bbox 279 2407 375 2485; x_wconf 80' lang='grc' dir='ltr'><em>(ἰξίας</em></span> <span class='ocrx_word' id='word_1_177' title='bbox 395 2407 588 2490; x_wconf 69' lang='grc' dir='ltr'><em>ἀμείβεσθαι</em></span> <span class='ocrx_word' id='word_1_178' title='bbox 614 2411 679 2475; x_wconf 66' lang='grc' dir='ltr'><em>ταῖν</em></span> <span class='ocrx_word' id='word_1_179' title='bbox 709 2408 831 2492; x_wconf 85' lang='grc' dir='ltr'><em>πόνων,</em></span> <span class='ocrx_word' id='word_1_180' title='bbox 864 2409 917 2473; x_wconf 81' lang='grc' dir='ltr'><strong>ἵνα</strong></span> <span class='ocrx_word' id='word_1_181' title='bbox 935 2412 974 2497; x_wconf 77' lang='grc' dir='ltr'><strong>τῇ</strong></span> <span class='ocrx_word' id='word_1_182' title='bbox 992 2432 1026 2474; x_wconf 88' lang='grc' dir='ltr'><strong>τε</strong></span> <span class='ocrx_word' id='word_1_183' title='bbox 1046 2407 1173 2472; x_wconf 76' lang='grc' dir='ltr'><em>κολάσει</em></span> <span class='ocrx_word' id='word_1_184' title='bbox 1203 2412 1266 2474; x_wconf 78' lang='grc' dir='ltr'><em>τῶν</em></span> 
     </span>
     <span class='ocr_line' id='line_1_23' title="bbox 175 2503 1264 2598; baseline 0.002 -29"><span class='ocrx_word' id='word_1_185' title='bbox 175 2503 365 2589; x_wconf 73' lang='grc' dir='ltr'><em>ἀγνωμόνων</em></span> <span class='ocrx_word' id='word_1_186' title='bbox 394 2508 517 2596; x_wconf 81' lang='grc' dir='ltr'><em>ἔκφυβῇ</em></span> <span class='ocrx_word' id='word_1_187' title='bbox 526 2560 537 2592; x_wconf 96' lang='grc'><em>,</em></span> <span class='ocrx_word' id='word_1_188' title='bbox 570 2511 625 2574; x_wconf 86' lang='grc' dir='ltr'><em>καί</em></span> <span class='ocrx_word' id='word_1_189' title='bbox 653 2510 694 2595; x_wconf 81' lang='grc' dir='ltr'><strong>τῇ</strong></span> <span class='ocrx_word' id='word_1_190' title='bbox 717 2512 793 2594; x_wconf 85' lang='grc' dir='ltr'><em>περί</em></span> <span class='ocrx_word' id='word_1_191' title='bbox 811 2505 869 2584; x_wconf 74' lang='grc' dir='ltr'><em>τὰς</em></span> <span class='ocrx_word' id='word_1_192' title='bbox 888 2509 1068 2595; x_wconf 74' lang='grc' dir='ltr'><em>εὐεργεσίας</em></span> <span class='ocrx_word' id='word_1_193' title='bbox 1101 2509 1264 2598; x_wconf 74' lang='grc' dir='ltr'><em>φιλοτιμία</em></span> 
     </span>
     <span class='ocr_line' id='line_1_24' title="bbox 175 2597 1294 2693; baseline 0.006 -24"><span class='ocrx_word' id='word_1_194' title='bbox 175 2603 257 2691; x_wconf 83' lang='grc' dir='ltr'><em>πρὸς</em></span> <span class='ocrx_word' id='word_1_195' title='bbox 277 2597 402 2672; x_wconf 69' lang='grc' dir='ltr'><em>εὔνοιαν</em></span> <span class='ocrx_word' id='word_1_196' title='bbox 423 2608 602 2693; x_wconf 75' lang='grc' dir='ltr'><em>ἐφέλκηται,</em></span> <span class='ocrx_word' id='word_1_197' title='bbox 642 2602 660 2672; x_wconf 83' lang='grc' dir='ltr'><em>ὃ</em></span> <span class='ocrx_word' id='word_1_198' title='bbox 678 2610 738 2689; x_wconf 89' lang='grc' dir='ltr'><strong>μὲν</strong></span> <span class='ocrx_word' id='word_1_199' title='bbox 759 2602 818 2674; x_wconf 74' lang='lat' dir='ltr'><strong>odo</strong></span> <span class='ocrx_word' id='word_1_200' title='bbox 835 2610 979 2673; x_wconf 77' lang='grc' dir='ltr'><em>ἐπείθετο</em></span> <span class='ocrx_word' id='word_1_201' title='bbox 1000 2606 1115 2672; x_wconf 72' lang='grc' dir='ltr'><em>αὐτίκα</em></span> <span class='ocrx_word' id='word_1_202' title='bbox 1134 2606 1190 2672; x_wconf 87' lang='grc' dir='ltr'><em>καί</em></span> <span class='ocrx_word' id='word_1_203' title='bbox 1208 2611 1294 2692; x_wconf 79' lang='grc' dir='ltr'><strong>τῆςῠ</strong></span> 
     </span>
     <span class='ocr_line' id='line_1_25' title="bbox 178 2704 1264 2795; baseline 0.001 -26"><span class='ocrx_word' id='word_1_204' title='bbox 178 2705 392 2791; x_wconf 75' lang='grc' dir='ltr'><em>παραινέσεως</em></span> <span class='ocrx_word' id='word_1_205' title='bbox 411 2705 646 2794; x_wconf 84' lang='grc' dir='ltr'><em>ειίχαριστήσας</em></span> <span class='ocrx_word' id='word_1_206' title='bbox 671 2710 826 2792; x_wconf 79' lang='grc' dir='ltr'><em>βασιλέα,</em></span> <span class='ocrx_word' id='word_1_207' title='bbox 852 2708 1022 2795; x_wconf 81' lang='grc' dir='ltr'><em>πρεσβείαν</em></span> <span class='ocrx_word' id='word_1_208' title='bbox 1044 2704 1163 2788; x_wconf 80' lang='grc' dir='ltr'><em>ἔπεμπε</em></span> <span class='ocrx_word' id='word_1_209' title='bbox 1182 2705 1264 2794; x_wconf 78' lang='grc' dir='ltr'><em>πρὸς</em></span> 
     </span>
    </p>

    <p class='ocr_par' dir='ltr' id='par_1_8' title="bbox 247 2831 1075 2892">
     <span class='ocr_line' id='line_1_26' title="bbox 247 2831 1075 2892; baseline 0.002 -7"><span class='ocrx_word' id='word_1_210' title='bbox 247 2831 271 2885; x_wconf 80' lang='grc'><strong>5.</strong></span> <span class='ocrx_word' id='word_1_211' title='bbox 292 2832 412 2892; x_wconf 75' lang='grc' dir='ltr'><em>πολλοῖς</em></span> <span class='ocrx_word' id='word_1_212' title='bbox 428 2833 455 2887; x_wconf 85' lang='grc' dir='ltr'><strong>Ρ.</strong></span> <span class='ocrx_word' id='word_1_213' title='bbox 1073 2834 1075 2837; x_wconf 82' lang='grc'><strong>’</strong></span> 
     </span>
    </p>
   </div>
   <div class='ocr_carea' id='block_1_3' title="bbox 174 2950 1268 4291">
    <p class='ocr_par' dir='ltr' id='par_1_9' title="bbox 174 2950 1268 4291">
     <span class='ocr_line' id='line_1_27' title="bbox 175 2950 1263 3037; baseline 0.002 -34"><span class='ocrx_word' id='word_1_214' title='bbox 175 2950 376 3017; x_wconf 86' lang='lat' dir='ltr'><strong>inflammatos,</strong></span> <span class='ocrx_word' id='word_1_215' title='bbox 391 2959 424 3005; x_wconf 92' lang='lat' dir='ltr'><strong>ut</strong></span> <span class='ocrx_word' id='word_1_216' title='bbox 439 2951 563 3010; x_wconf 73' lang='lat' dir='ltr'>cohiberi</span> <span class='ocrx_word' id='word_1_217' title='bbox 582 2970 641 3008; x_wconf 87' lang='lat' dir='ltr'><strong>non</strong></span> <span class='ocrx_word' id='word_1_218' title='bbox 660 2963 788 3028; x_wconf 85' lang='lat' dir='ltr'><strong>possent,</strong></span> <span class='ocrx_word' id='word_1_219' title='bbox 812 2954 925 3009; x_wconf 82' lang='lat' dir='ltr'><strong>Amurio</strong></span> <span class='ocrx_word' id='word_1_220' title='bbox 945 2952 979 3007; x_wconf 89' lang='lat' dir='ltr'><strong>de</strong></span> <span class='ocrx_word' id='word_1_221' title='bbox 998 2959 1054 3006; x_wconf 83' lang='lat' dir='ltr'><strong>tam</strong></span> <span class='ocrx_word' id='word_1_222' title='bbox 1071 2952 1179 3037; x_wconf 81' lang='lat' dir='ltr'><strong>prolixa</strong></span> <span class='ocrx_word' id='word_1_223' title='bbox 1198 2968 1263 3021; x_wconf 79' lang='lat' dir='ltr'><strong>erga</strong></span> 
     </span>
     <span class='ocr_line' id='line_1_28' title="bbox 176 3021 1262 3096; baseline 0 -22"><span class='ocrx_word' id='word_1_224' title='bbox 176 3038 205 3074; x_wconf 89' lang='lat' dir='ltr'><strong>se</strong></span> <span class='ocrx_word' id='word_1_225' title='bbox 223 3024 362 3077; x_wconf 82' lang='lat' dir='ltr'><strong>voluntate</strong></span> <span class='ocrx_word' id='word_1_226' title='bbox 380 3026 479 3096; x_wconf 82' lang='lat' dir='ltr'><strong>gratias</strong></span> <span class='ocrx_word' id='word_1_227' title='bbox 496 3023 553 3095; x_wconf 83' lang='lat' dir='ltr'><strong>agit</strong></span> <span class='ocrx_word' id='word_1_228' title='bbox 571 3026 753 3096; x_wconf 75' lang='lat' dir='ltr'><strong>amplissimas</strong></span> <span class='ocrx_word' id='word_1_229' title='bbox 773 3026 924 3094; x_wconf 72' lang='lat' dir='ltr'><strong>suasitque,</strong></span> <span class='ocrx_word' id='word_1_230' title='bbox 942 3033 1124 3095; x_wconf 88' lang='lat' dir='ltr'><strong>ut‚quonram</strong></span> <span class='ocrx_word' id='word_1_231' title='bbox 1140 3021 1262 3076; x_wconf 86' lang='lat' dir='ltr'><strong>militem</strong></span> 
     </span>
     <span class='ocr_line' id='line_1_29' title="bbox 174 3092 1262 3166; baseline 0.001 -22"><span class='ocrx_word' id='word_1_232' title='bbox 174 3109 253 3145; x_wconf 90' lang='lat' dir='ltr'><strong>suum</strong></span> <span class='ocrx_word' id='word_1_233' title='bbox 270 3095 379 3147; x_wconf 87' lang='lat' dir='ltr'><strong>flectere</strong></span> <span class='ocrx_word' id='word_1_234' title='bbox 396 3095 586 3166; x_wconf 72' lang='lat' dir='ltr'>nequivisset,</span> <span class='ocrx_word' id='word_1_235' title='bbox 604 3105 725 3151; x_wconf 81' lang='lat' dir='ltr'><strong>oratores</strong></span> <span class='ocrx_word' id='word_1_236' title='bbox 744 3097 904 3164; x_wconf 74' lang='lat' dir='ltr'><strong>Byzantium</strong></span> <span class='ocrx_word' id='word_1_237' title='bbox 923 3092 958 3146; x_wconf 87' lang='lat' dir='ltr'><strong>ad</strong></span> <span class='ocrx_word' id='word_1_238' title='bbox 975 3094 1176 3163; x_wconf 79' lang='lat' dir='ltr'><strong>imperatricem</strong></span> <span class='ocrx_word' id='word_1_239' title='bbox 1194 3095 1262 3145; x_wconf 86' lang='lat' dir='ltr'><strong>mit-</strong></span> 
     </span>
     <span class='ocr_line' id='line_1_30' title="bbox 174 3163 1263 3236; baseline 0.001 -21"><span class='ocrx_word' id='word_1_240' title='bbox 174 3169 254 3227; x_wconf 87' lang='lat' dir='ltr'><strong>teret,</strong></span> <span class='ocrx_word' id='word_1_241' title='bbox 269 3166 318 3235; x_wconf 88' lang='lat' dir='ltr'><strong>qni</strong></span> <span class='ocrx_word' id='word_1_242' title='bbox 344 3165 481 3229; x_wconf 88' lang='lat' dir='ltr'><strong>similiter,</strong></span> <span class='ocrx_word' id='word_1_243' title='bbox 495 3176 527 3220; x_wconf 85' lang='lat' dir='ltr'><strong>nt</strong></span> <span class='ocrx_word' id='word_1_244' title='bbox 542 3166 670 3231; x_wconf 85' lang='lat' dir='ltr'><strong>antehac,</strong></span> <span class='ocrx_word' id='word_1_245' title='bbox 683 3166 718 3220; x_wconf 86' lang='lat' dir='ltr'><strong>de</strong></span> <span class='ocrx_word' id='word_1_246' title='bbox 743 3182 810 3236; x_wconf 88' lang='lat' dir='ltr'><strong>pace</strong></span> <span class='ocrx_word' id='word_1_247' title='bbox 830 3163 996 3218; x_wconf 80' lang='lat' dir='ltr'><strong>dissererent</strong></span> <span class='ocrx_word' id='word_1_248' title='bbox 1016 3165 1128 3233; x_wconf 86' lang='lat' dir='ltr'><strong>illisque</strong></span> <span class='ocrx_word' id='word_1_249' title='bbox 1147 3163 1263 3216; x_wconf 88' lang='lat' dir='ltr'><strong>dernen-</strong></span> 
     </span>
     <span class='ocr_line' id='line_1_31' title="bbox 174 3233 1262 3309; baseline 0.001 -24"><span class='ocrx_word' id='word_1_250' title='bbox 174 3235 241 3286; x_wconf 86' lang='lat' dir='ltr'><strong>tiam</strong></span> <span class='ocrx_word' id='word_1_251' title='bbox 263 3233 481 3305; x_wconf 78' lang='lat' dir='ltr'><strong>exprobrarent,</strong></span> <span class='ocrx_word' id='word_1_252' title='bbox 502 3252 551 3305; x_wconf 91' lang='lat' dir='ltr'><strong>per</strong></span> <span class='ocrx_word' id='word_1_253' title='bbox 569 3255 650 3309; x_wconf 79' lang='lat' dir='ltr'><strong>quain</strong></span> <span class='ocrx_word' id='word_1_254' title='bbox 668 3238 789 3291; x_wconf 77' lang='lat' dir='ltr'><strong>Romano</strong></span> <span class='ocrx_word' id='word_1_255' title='bbox 807 3235 975 3306; x_wconf 87' lang='lat' dir='ltr'><strong>principatui</strong></span> <span class='ocrx_word' id='word_1_256' title='bbox 994 3235 1109 3287; x_wconf 83' lang='lat' dir='ltr'><strong>esitium</strong></span> <span class='ocrx_word' id='word_1_257' title='bbox 1134 3249 1262 3305; x_wconf 77' lang='lat' dir='ltr'><strong>magnum</strong></span> 
     </span>
     <span class='ocr_line' id='line_1_32' title="bbox 175 3302 1263 3371; baseline 0.005 -20"><span class='ocrx_word' id='word_1_258' title='bbox 175 3302 332 3360; x_wconf 80' lang='lat' dir='ltr'><strong>invexerint</strong></span> <span class='ocrx_word' id='word_1_259' title='bbox 349 3323 381 3360; x_wconf 86' lang='lat' dir='ltr'><strong>ac</strong></span> <span class='ocrx_word' id='word_1_260' title='bbox 397 3305 453 3358; x_wconf 91' lang='lat' dir='ltr'><strong>nisi</strong></span> <span class='ocrx_word' id='word_1_261' title='bbox 472 3307 501 3359; x_wconf 91' lang='lat' dir='ltr'><strong>in</strong></span> <span class='ocrx_word' id='word_1_262' title='bbox 518 3309 591 3360; x_wconf 85' lang='lat' dir='ltr'><strong>viam</strong></span> <span class='ocrx_word' id='word_1_263' title='bbox 607 3306 735 3371; x_wconf 85' lang='lat' dir='ltr'><strong>redeant,</strong></span> <span class='ocrx_word' id='word_1_264' title='bbox 753 3309 841 3358; x_wconf 85' lang='lat' dir='ltr'><strong>maius</strong></span> <span class='ocrx_word' id='word_1_265' title='bbox 860 3304 994 3358; x_wconf 81' lang='lat' dir='ltr'><strong>invectnri</strong></span> <span class='ocrx_word' id='word_1_266' title='bbox 1021 3305 1084 3358; x_wconf 82' lang='lat' dir='ltr'><strong>sint</strong></span> <span class='ocrx_word' id='word_1_267' title='bbox 1130 3303 1263 3357; x_wconf 79' lang='lat' dir='ltr'><strong>iiostare·</strong></span> 
     </span>
     <span class='ocr_line' id='line_1_33' title="bbox 178 3374 1261 3446; baseline 0.004 -22"><span class='ocrx_word' id='word_1_268' title='bbox 178 3379 222 3424; x_wconf 89' lang='lat' dir='ltr'><strong>tur</strong></span> <span class='ocrx_word' id='word_1_269' title='bbox 246 3386 338 3429; x_wconf 88' lang='lat' dir='ltr'><strong>autem</strong></span> <span class='ocrx_word' id='word_1_270' title='bbox 371 3393 478 3440; x_wconf 81' lang='lat' dir='ltr'><strong>rursus,</strong></span> <span class='ocrx_word' id='word_1_271' title='bbox 508 3375 614 3429; x_wconf 88' lang='lat' dir='ltr'><strong>bellum</strong></span> <span class='ocrx_word' id='word_1_272' title='bbox 640 3380 753 3431; x_wconf 82' lang='lat' dir='ltr'><strong>missum</strong></span> <span class='ocrx_word' id='word_1_273' title='bbox 776 3376 915 3439; x_wconf 84' lang='lat' dir='ltr'><strong>iacerent,</strong></span> <span class='ocrx_word' id='word_1_274' title='bbox 940 3391 994 3428; x_wconf 87' lang='lat' dir='ltr'><strong>neu</strong></span> <span class='ocrx_word' id='word_1_275' title='bbox 1021 3374 1058 3427; x_wconf 91' lang='lat' dir='ltr'><strong>ob</strong></span> <span class='ocrx_word' id='word_1_276' title='bbox 1083 3375 1261 3446; x_wconf 76' lang='lat' dir='ltr'><strong>insipientem</strong></span> 
     </span>
     <span class='ocr_line' id='line_1_34' title="bbox 177 3440 1261 3517; baseline 0.005 -25"><span class='ocrx_word' id='word_1_277' title='bbox 177 3440 256 3495; x_wconf 87' lang='lat' dir='ltr'><strong>istam</strong></span> <span class='ocrx_word' id='word_1_278' title='bbox 285 3447 489 3501; x_wconf 83' lang='lat' dir='ltr'><strong>contentionem</strong></span> <span class='ocrx_word' id='word_1_279' title='bbox 523 3447 649 3517; x_wconf 87' lang='lat' dir='ltr'><strong>qnotidie</strong></span> <span class='ocrx_word' id='word_1_280' title='bbox 680 3464 746 3500; x_wconf 89' lang='lat' dir='ltr'><strong>suae</strong></span> <span class='ocrx_word' id='word_1_281' title='bbox 771 3448 859 3517; x_wconf 81' lang='lat' dir='ltr'><strong>gentis</strong></span> <span class='ocrx_word' id='word_1_282' title='bbox 889 3446 1018 3500; x_wconf 82' lang='lat' dir='ltr'><strong>mortales</strong></span> <span class='ocrx_word' id='word_1_283' title='bbox 1042 3446 1072 3496; x_wconf 90' lang='lat' dir='ltr'><strong>iu</strong></span> <span class='ocrx_word' id='word_1_284' title='bbox 1100 3447 1261 3498; x_wconf 83' lang='lat' dir='ltr'><strong>servitutem</strong></span> 
     </span>
     <span class='ocr_line' id='line_1_35' title="bbox 177 3510 1265 3586; baseline 0.006 -24"><span class='ocrx_word' id='word_1_285' title='bbox 177 3510 284 3583; x_wconf 81' lang='lat' dir='ltr'><strong>abripi,</strong></span> <span class='ocrx_word' id='word_1_286' title='bbox 308 3517 437 3570; x_wconf 84' lang='lat' dir='ltr'><strong>trucidari</strong></span> <span class='ocrx_word' id='word_1_287' title='bbox 462 3525 491 3570; x_wconf 91' lang='lat' dir='ltr'><strong>et</strong></span> <span class='ocrx_word' id='word_1_288' title='bbox 517 3516 553 3569; x_wconf 90' lang='lat' dir='ltr'><strong>ad</strong></span> <span class='ocrx_word' id='word_1_289' title='bbox 582 3534 722 3571; x_wconf 87' lang='lat' dir='ltr'><strong>aerumnas</strong></span> <span class='ocrx_word' id='word_1_290' title='bbox 749 3516 836 3586; x_wconf 76' lang='lat' dir='ltr'><strong>redigi</strong></span> <span class='ocrx_word' id='word_1_291' title='bbox 862 3517 991 3568; x_wconf 85' lang='lat' dir='ltr'><strong>sinerent.</strong></span> <span class='ocrx_word' id='word_1_292' title='bbox 1035 3516 1102 3568; x_wconf 87' lang='lat' dir='ltr'><strong>iilos</strong></span> <span class='ocrx_word' id='word_1_293' title='bbox 1127 3531 1211 3580; x_wconf 81' lang='lat' dir='ltr'><strong>vero,</strong></span> <span class='ocrx_word' id='word_1_294' title='bbox 1231 3521 1265 3568; x_wconf 87' lang='lat' dir='ltr'><strong>ut</strong></span> 
     </span>
     <span class='ocr_line' id='line_1_36' title="bbox 177 3583 1265 3657; baseline 0.003 -23"><span class='ocrx_word' id='word_1_295' title='bbox 177 3583 263 3648; x_wconf 85' lang='lat' dir='ltr'><strong>alias,</strong></span> <span class='ocrx_word' id='word_1_296' title='bbox 280 3587 387 3640; x_wconf 85' lang='lat' dir='ltr'><strong>nulium</strong></span> <span class='ocrx_word' id='word_1_297' title='bbox 415 3585 449 3640; x_wconf 93' lang='lat' dir='ltr'><strong>de</strong></span> <span class='ocrx_word' id='word_1_298' title='bbox 465 3603 534 3657; x_wconf 84' lang='lat' dir='ltr'><strong>pace</strong></span> <span class='ocrx_word' id='word_1_299' title='bbox 557 3588 669 3641; x_wconf 82' lang='lat' dir='ltr'><strong>verbum</strong></span> <span class='ocrx_word' id='word_1_300' title='bbox 694 3588 852 3649; x_wconf 85' lang='lat' dir='ltr'><strong>locuturos,</strong></span> <span class='ocrx_word' id='word_1_301' title='bbox 874 3587 924 3639; x_wconf 87' lang='lat' dir='ltr'><strong>sed</strong></span> <span class='ocrx_word' id='word_1_302' title='bbox 941 3584 1106 3655; x_wconf 84' lang='lat' dir='ltr'><strong>persuadere</strong></span> <span class='ocrx_word' id='word_1_303' title='bbox 1125 3587 1265 3650; x_wconf 70' lang='lat' dir='ltr'><strong>enisurus,</strong></span> 
     </span>
     <span class='ocr_line' id='line_1_37' title="bbox 177 3657 1266 3729; baseline 0 -21"><span class='ocrx_word' id='word_1_304' title='bbox 177 3658 218 3708; x_wconf 82' lang='lat' dir='ltr'><strong>uti</strong></span> <span class='ocrx_word' id='word_1_305' title='bbox 243 3659 445 3725; x_wconf 84' lang='lat' dir='ltr'><strong>quamprimum</strong></span> <span class='ocrx_word' id='word_1_306' title='bbox 467 3674 483 3710; x_wconf 83' lang='lat' dir='ltr'><strong>a</strong></span> <span class='ocrx_word' id='word_1_307' title='bbox 505 3659 696 3713; x_wconf 88' lang='lat' dir='ltr'><strong>Cantacuzeno</strong></span> <span class='ocrx_word' id='word_1_308' title='bbox 724 3674 753 3709; x_wconf 90' lang='lat' dir='ltr'><strong>se</strong></span> <span class='ocrx_word' id='word_1_309' title='bbox 780 3657 932 3726; x_wconf 82' lang='lat' dir='ltr'><strong>disiungat,</strong></span> <span class='ocrx_word' id='word_1_310' title='bbox 960 3663 989 3709; x_wconf 87' lang='lat' dir='ltr'><strong>et</strong></span> <span class='ocrx_word' id='word_1_311' title='bbox 1018 3659 1101 3709; x_wconf 89' lang='lat' dir='ltr'><strong>misso</strong></span> <span class='ocrx_word' id='word_1_312' title='bbox 1132 3658 1266 3729; x_wconf 85' lang='lat' dir='ltr'><strong>quopiam</strong></span> 
     </span>
     <span class='ocr_line' id='line_1_38' title="bbox 176 3721 1266 3798; baseline 0.003 -22"><span class='ocrx_word' id='word_1_313' title='bbox 176 3721 241 3779; x_wconf 87' lang='lat' dir='ltr'><strong>baio</strong></span> <span class='ocrx_word' id='word_1_314' title='bbox 261 3725 368 3779; x_wconf 89' lang='lat' dir='ltr'><strong>muneri</strong></span> <span class='ocrx_word' id='word_1_315' title='bbox 384 3726 500 3791; x_wconf 91' lang='lat' dir='ltr'><strong>idoneo,</strong></span> <span class='ocrx_word' id='word_1_316' title='bbox 520 3745 644 3796; x_wconf 78' lang='lat' dir='ltr'><strong>magnam</strong></span> <span class='ocrx_word' id='word_1_317' title='bbox 661 3728 796 3798; x_wconf 87' lang='lat' dir='ltr'><strong>pecuniae</strong></span> <span class='ocrx_word' id='word_1_318' title='bbox 813 3730 878 3790; x_wconf 84' lang='lat' dir='ltr'><strong>rim,</strong></span> <span class='ocrx_word' id='word_1_319' title='bbox 897 3726 1030 3778; x_wconf 85' lang='lat' dir='ltr'><strong>discessus</strong></span> <span class='ocrx_word' id='word_1_320' title='bbox 1051 3726 1215 3790; x_wconf 86' lang='lat' dir='ltr'><strong>mercedem,</strong></span> <span class='ocrx_word' id='word_1_321' title='bbox 1232 3743 1266 3779; x_wconf 85' lang='lat' dir='ltr'><strong>sc</strong></span> 
     </span>
     <span class='ocr_line' id='line_1_39' title="bbox 176 3796 1263 3869; baseline -0.001 -21"><span class='ocrx_word' id='word_1_322' title='bbox 176 3796 447 3866; x_wconf 73' lang='lat' dir='ltr'><strong>praeterea-classem</strong></span> <span class='ocrx_word' id='word_1_323' title='bbox 465 3799 697 3868; x_wconf 83' lang='lat' dir='ltr'><strong>suppeditaturus.</strong></span> <span class='ocrx_word' id='word_1_324' title='bbox 731 3799 778 3849; x_wconf 89' lang='lat' dir='ltr'><strong>Sic</strong></span> <span class='ocrx_word' id='word_1_325' title='bbox 795 3804 823 3848; x_wconf 89' lang='lat' dir='ltr'><strong>et</strong></span> <span class='ocrx_word' id='word_1_326' title='bbox 840 3796 915 3869; x_wconf 89' lang='lat' dir='ltr'><strong>qnod</strong></span> <span class='ocrx_word' id='word_1_327' title='bbox 934 3797 1069 3849; x_wconf 83' lang='lat' dir='ltr'><strong>exercitus</strong></span> <span class='ocrx_word' id='word_1_328' title='bbox 1087 3813 1174 3867; x_wconf 87' lang='lat' dir='ltr'><strong>usqne</strong></span> <span class='ocrx_word' id='word_1_329' title='bbox 1192 3797 1263 3848; x_wconf 81' lang='lat' dir='ltr'><strong>adeo</strong></span> 
     </span>
     <span class='ocr_line' id='line_1_40' title="bbox 178 3863 1264 3937; baseline -0.003 -19"><span class='ocrx_word' id='word_1_330' title='bbox 178 3867 376 3929; x_wconf 85' lang='lat' dir='ltr'><strong>contenderet,</strong></span> <span class='ocrx_word' id='word_1_331' title='bbox 403 3867 553 3937; x_wconf 82' lang='lat' dir='ltr'><strong>perfectum</strong></span> <span class='ocrx_word' id='word_1_332' title='bbox 573 3868 646 3933; x_wconf 86' lang='lat' dir='ltr'><strong>iore,</strong></span> <span class='ocrx_word' id='word_1_333' title='bbox 665 3877 694 3922; x_wconf 90' lang='lat' dir='ltr'><strong>et</strong></span> <span class='ocrx_word' id='word_1_334' title='bbox 710 3867 790 3920; x_wconf 86' lang='lat' dir='ltr'><strong>illurn</strong></span> <span class='ocrx_word' id='word_1_335' title='bbox 808 3875 917 3935; x_wconf 87' lang='lat' dir='ltr'><strong>accepta</strong></span> <span class='ocrx_word' id='word_1_336' title='bbox 936 3867 1054 3935; x_wconf 88' lang='lat' dir='ltr'><strong>pecunia</strong></span> <span class='ocrx_word' id='word_1_337' title='bbox 1071 3866 1193 3919; x_wconf 85' lang='lat' dir='ltr'><strong>libenter</strong></span> <span class='ocrx_word' id='word_1_338' title='bbox 1211 3863 1264 3918; x_wconf 92' lang='lat' dir='ltr'><strong>sub</strong></span> 
     </span>
     <span class='ocr_line' id='line_1_41' title="bbox 179 3936 1268 4008; baseline 0.002 -20"><span class='ocrx_word' id='word_1_339' title='bbox 179 3953 207 3988; x_wconf 88' lang='lat' dir='ltr'><strong>se</strong></span> <span class='ocrx_word' id='word_1_340' title='bbox 235 3938 385 4006; x_wconf 76' lang='lat' dir='ltr'><strong>militantes</strong></span> <span class='ocrx_word' id='word_1_341' title='bbox 408 3940 576 3991; x_wconf 84' lang='lat' dir='ltr'><strong>remunerari</strong></span> <span class='ocrx_word' id='word_1_342' title='bbox 600 3955 688 4008; x_wconf 88' lang='lat' dir='ltr'><strong>posse.</strong></span> <span class='ocrx_word' id='word_1_343' title='bbox 730 3936 793 3990; x_wconf 83' lang='lat' dir='ltr'><strong>Non</strong></span> <span class='ocrx_word' id='word_1_344' title='bbox 818 3937 892 3988; x_wconf 91' lang='lat' dir='ltr'><strong>enim</strong></span> <span class='ocrx_word' id='word_1_345' title='bbox 918 3951 1045 4007; x_wconf 81' lang='lat' dir='ltr'><strong>aequum,</strong></span> <span class='ocrx_word' id='word_1_346' title='bbox 1066 3937 1146 3989; x_wconf 80' lang='lat' dir='ltr'><strong>irasci</strong></span> <span class='ocrx_word' id='word_1_347' title='bbox 1164 3936 1268 4006; x_wconf 80' lang='lat' dir='ltr'><strong>paritet·</strong></span> 
     </span>
     <span class='ocr_line' id='line_1_42' title="bbox 181 4006 1266 4077; baseline 0.001 -21"><span class='ocrx_word' id='word_1_348' title='bbox 181 4007 325 4073; x_wconf 87' lang='lat' dir='ltr'><strong>omnibus,</strong></span> <span class='ocrx_word' id='word_1_349' title='bbox 349 4007 398 4062; x_wconf 88' lang='lat' dir='ltr'><strong>scd</strong></span> <span class='ocrx_word' id='word_1_350' title='bbox 422 4007 567 4077; x_wconf 86' lang='lat' dir='ltr'><strong>superbiae</strong></span> <span class='ocrx_word' id='word_1_351' title='bbox 590 4018 619 4063; x_wconf 89' lang='lat' dir='ltr'><strong>et</strong></span> <span class='ocrx_word' id='word_1_352' title='bbox 643 4008 831 4062; x_wconf 78' lang='lat' dir='ltr'><strong>contumaciae</strong></span> <span class='ocrx_word' id='word_1_353' title='bbox 849 4008 1004 4060; x_wconf 83' lang='lat' dir='ltr'><strong>incentores</strong></span> <span class='ocrx_word' id='word_1_354' title='bbox 1022 4006 1129 4060; x_wconf 81' lang='lat' dir='ltr'><strong>modice</strong></span> <span class='ocrx_word' id='word_1_355' title='bbox 1146 4006 1266 4075; x_wconf 89' lang='lat' dir='ltr'><strong>punien-</strong></span> 
     </span>
     <span class='ocr_line' id='line_1_43' title="bbox 182 4073 1266 4149; baseline 0.002 -23"><span class='ocrx_word' id='word_1_356' title='bbox 182 4073 230 4126; x_wconf 90' lang='lat' dir='ltr'><strong>dos</strong></span> <span class='ocrx_word' id='word_1_357' title='bbox 240 4114 249 4140; x_wconf 92' lang='lat'><strong>,</strong></span> <span class='ocrx_word' id='word_1_358' title='bbox 266 4094 301 4131; x_wconf 87' lang='lat' dir='ltr'><strong>ne</strong></span> <span class='ocrx_word' id='word_1_359' title='bbox 320 4077 391 4129; x_wconf 88' lang='lat' dir='ltr'><strong>alios</strong></span> <span class='ocrx_word' id='word_1_360' title='bbox 411 4077 610 4147; x_wconf 84' lang='lat' dir='ltr'><strong>impudentiam</strong></span> <span class='ocrx_word' id='word_1_361' title='bbox 629 4080 755 4149; x_wconf 80' lang='lat' dir='ltr'><strong>exemplo</strong></span> <span class='ocrx_word' id='word_1_362' title='bbox 773 4093 823 4142; x_wconf 80' lang='lat' dir='ltr'><strong>suo</strong></span> <span class='ocrx_word' id='word_1_363' title='bbox 842 4076 974 4145; x_wconf 79' lang='lat' dir='ltr'><strong>doceant3</strong></span> <span class='ocrx_word' id='word_1_364' title='bbox 996 4077 1110 4147; x_wconf 87' lang='lat' dir='ltr'><strong>reliquis</strong></span> <span class='ocrx_word' id='word_1_365' title='bbox 1137 4076 1266 4128; x_wconf 84' lang='lat' dir='ltr'><strong>eonveni-</strong></span> 
     </span>
     <span class='ocr_line' id='line_1_44' title="bbox 182 4137 1267 4219; baseline 0.002 -23"><span class='ocrx_word' id='word_1_366' title='bbox 182 4153 260 4199; x_wconf 88' lang='lat' dir='ltr'><strong>enter</strong></span> <span class='ocrx_word' id='word_1_367' title='bbox 283 4146 408 4201; x_wconf 87' lang='lat' dir='ltr'><strong>laborum</strong></span> <span class='ocrx_word' id='word_1_368' title='bbox 430 4149 537 4203; x_wconf 84' lang='lat' dir='ltr'><strong>meritis</strong></span> <span class='ocrx_word' id='word_1_369' title='bbox 555 4151 676 4219; x_wconf 85' lang='lat' dir='ltr'><strong>praemia</strong></span> <span class='ocrx_word' id='word_1_370' title='bbox 696 4137 893 4218; x_wconf 66' lang='lat' dir='ltr'><strong>pumiceum,</strong></span> <span class='ocrx_word' id='word_1_371' title='bbox 917 4154 994 4201; x_wconf 84' lang='lat' dir='ltr'><strong>utet</strong></span> <span class='ocrx_word' id='word_1_372' title='bbox 1011 4146 1146 4217; x_wconf 86' lang='lat' dir='ltr'><strong>supplicio</strong></span> <span class='ocrx_word' id='word_1_373' title='bbox 1163 4145 1267 4214; x_wconf 86' lang='lat' dir='ltr'><strong>impro-</strong></span> 
     </span>
     <span class='ocr_line' id='line_1_45' title="bbox 180 4209 1267 4291; baseline 0.002 -21"><span class='ocrx_word' id='word_1_374' title='bbox 180 4209 279 4272; x_wconf 84' lang='lat' dir='ltr'><strong>borum</strong></span> <span class='ocrx_word' id='word_1_375' title='bbox 314 4224 432 4284; x_wconf 83' lang='lat' dir='ltr'><strong>terreat,</strong></span> <span class='ocrx_word' id='word_1_376' title='bbox 465 4227 495 4275; x_wconf 89' lang='lat' dir='ltr'><strong>et</strong></span> <span class='ocrx_word' id='word_1_377' title='bbox 530 4217 730 4277; x_wconf 82' lang='lat' dir='ltr'><strong>beneficentiae</strong></span> <span class='ocrx_word' id='word_1_378' title='bbox 766 4217 860 4275; x_wconf 86' lang='lat' dir='ltr'><strong>studio</strong></span> <span class='ocrx_word' id='word_1_379' title='bbox 887 4217 957 4274; x_wconf 82' lang='lat' dir='ltr'><strong>alios</strong></span> <span class='ocrx_word' id='word_1_380' title='bbox 983 4217 1019 4273; x_wconf 80' lang='lat' dir='ltr'><strong>sd</strong></span> <span class='ocrx_word' id='word_1_381' title='bbox 1043 4231 1072 4274; x_wconf 82' lang='lat' dir='ltr'><strong>ss</strong></span> <span class='ocrx_word' id='word_1_382' title='bbox 1096 4213 1267 4291; x_wconf 68' lang='lat' dir='ltr'><strong>diligendum</strong></span> 
     </span>
    </p>
   </div>
   <div class='ocr_carea' id='block_1_4' title="bbox 0 0 1491 4700">
    <p class='ocr_par' dir='ltr' id='par_1_10' title="bbox 0 0 1491 4700">
     <span class='ocr_line' id='line_1_46' title="bbox 0 0 1491 4700; baseline 0 0"><span class='ocrx_word' id='word_1_383' title='bbox 0 0 1491 4700; x_wconf 95' lang='lat' dir='ltr'><strong> </strong></span> 
     </span>
    </p>
   </div>
  </div>
 </body>
</html>
