2934 4700
475 294 760 363 ursrourruuu
790 294 845 359 ιο.
864 298 919 370 07.
1172 264 1254 368 λιι

179 442 305 521 εδνοίάς
322 442 439 522 πολλάς
461 443 613 529 ιδμολάγει
632 441 791 531 χάριτας·
823 440 1031 527 συνεβούλευε
1054 444 1101 527 δὲ,
1118 442 1191 508 esst
1211 438 1256 525 μή
1267 462 1327 519 nc,
1340 462 1406 534 1343

164 542 303 609 ,πείθειν
329 538 432 613 nidore
470 546 607 628 ἐγένετο,
651 545 820 630 πρεσβείαν
840 541 918 628 πράς
947 540 1098 626 βασιλίδα
1125 545 1286 624 adparere

179 645 224 719 εἰς
244 640 420 722 Βυζάντιον
447 643 503 709 καί
524 642 652 726 ὁμοίους
676 653 742 720 τοῖς
764 646 927 729 προτέροις
950 645 1024 727 περὶ
1050 644 1106 727 τῆς
1136 638 1263 727 εἰρήνης

180 747 342 809 ποιεῖσθαι
373 742 491 833 λόγους,
505 743 561 811 καί
588 742 647 830 τήν
678 745 829 827 ἀβουλίαν
862 742 1026 820 ὀνειδίζειν
1056 743 1184 824 αδτοίς,
1214 735 1263 806 ὅτι

161 839 236 908 itaut
256 839 371 929 ταύτην
390 845 429 931 τῇ
449 842 615 926 Ῥωμαίων
635 842 787 932 ήγεμονίρι
815 846 931 926 πολλῆς
959 840 1053 905 αἴτιοι
1087 842 1264 926 γεγένηνται

181 945 329 1027 φθορᾶς,
363 943 420 1006 καί
448 939 493 1007 ἔτι
525 944 686 1026 πλείονος,
716 936 757 1007 dv
775 940 820 1025 μή
843 942 1034 1021 πείθωνται,
1071 939 1265 1024 γενήσονται.
1312 952 1315 967 ’

180 1048 347 1125 παραινεῖν
368 1065 403 1107 τε
425 1034 521 1118 αὖθις
540 1032 596 1107 τάν
615 1040 750 1124 πόλεμον
770 1039 956 1117 καταλύειν,
988 1041 1043 1103 καί
1061 1040 1106 1122 μή
1132 1035 1185 1102 διά
1209 1062 1265 1125 φι-
1295 1030 1299 1039 “

180 1140 337 1205 λονεικίαν
359 1138 496 1223 ἔχουσαν
514 1136 607 1207 οάδὲν
625 1139 712 1227 άγιὲς
740 1143 888 1227 περιορᾷν
918 1138 1074 1224 ὁσημέραι
1094 1135 1168 1213 τοάς
1189 1134 1264 1220 άμο-

182 1235 305 1326 φάλους
325 1240 685 1325 ἑξανδραποδιζομένους
705 1240 762 1306 καί
778 1242 991 1322 κτεινομένους
1011 1241 1066 1304 καί
1083 1236 1125 1303 τά
1146 1235 1265 1323 ἔσχατα

139 1339 401 1420 (ιοῦπομένοντας.
430 1341 539 1405 ἐκεῖνον
563 1342 598 1404 δὲ
621 1341 690 1427 (καί
713 1339 773 1426 γάρ
802 1333 916 1406 οάδίνα
937 1330 1048 1419 αὖθις,
1086 1331 1189 1423 ὥσπερ
1212 1335 1267 1401 καί

125 1440 127 1444 '
179 1435 347 1523 πρότερον,
360 1436 544 1521 ποιήσονται
563 1441 619 1524 τής
642 1438 768 1524 εἰρήνης
788 1436 914 1525 λάγον,)
935 1435 990 1502 ἐπὶ
1007 1434 1043 1500 cd
1065 1438 1188 1501 πείθειν
1208 1437 1296 1500 ari-c

179 1534 232 1602 τὸν
252 1533 366 1601 αιίτίκα
390 1538 561 1623 τρέψονται
591 1538 794 1625 ἀφίστασθαι
824 1537 964 1615 ἐκείνου,
997 1538 1052 1600 καί
1086 1540 1267 1618 πέμψαντες

181 1629 359 1722 ἀξιόχρεών
391 1661 481 1720 τινα,
512 1631 549 1703 δν
577 1637 736 1724 οἰήσονται
766 1640 862 1702 τοῦτο
892 1635 1141 1721 κατεργάσεσθαι
1171 1635 1266 1719 δυνή-

180 1738 315 1817 σεσθαι,
344 1735 532 1820 παρέξονται
559 1736 616 1802 καί
638 1734 793 1823 χρήματα
820 1734 919 1800 πολλά
947 1740 1003 1820 τῆς
1035 1735 1267 1820 ἀναχωρήσεως

142 1832 298 1915 ιὸμισθδν
316 1837 372 1897 καί
389 1836 476 1918 ναῦς,
493 1831 545 1912 οἷς
562 1831 716 1922 χρήσεται
737 1836 817 1922 πρὸς
835 1837 892 1921 τήν
913 1831 1069 1919 διάβασιν.
1102 1833 1156 1900 καί
1174 1836 1214 1922 τῇ
1232 1857 1268 1899 τε

179 1934 314 2022 στρατιᾷ
336 1931 372 1998 τά
399 1930 656 2016 σπουδαζόμενον
676 1932 767 1999 ἔσται
796 1933 938 2019 ήνυκάς,
972 1933 1028 1997 καί
1044 1931 1083 1998 τά
1112 1935 1265 2019 χρήματα

179 2030 285 2114 λαβών
308 2034 478 2114 άμεάβεται
491 2031 564 2110 τούς
581 2034 759 2119 προθύμως
778 2036 1120 2116 συστρατευσαμένους.
1143 2032 1180 2096 οδ
1199 2031 1263 2117 γάρ

180 2133 304 2197 δίκαιον
324 2129 439 2215 ὁμοίως
470 2134 568 2197 πᾶσιν
593 2133 779 2216 ὀργίζεσθαι
800 2135 854 2196 καί
872 2131 961 2208 δίκας
980 2133 1146 2213 α’παιτεῖν,
1183 2129 1362 2213 δλλάλ.’465

179 2229 255 2306 τοάς
276 2231 336 2312 μὲν
358 2229 480 2305 αἰτίους
503 2233 560 2314 τής
592 2230 771 2306 αδθαδείας
801 2234 916 2314 με’τρια
944 2227 1106 2311 κολάζειν,
1135 2229 1188 2294 ἵνα
1220 2227 1266 2314 μή

139 2325 381 2414 αοπαράδειγμα
403 2337 469 2404 τοῖς
488 2323 595 2405 ἄλλοις
612 2331 759 2415 γίνωνται
781 2329 1028 2412 ἀναισχυντίας,
1050 2326 1126 2403 τοάς
1146 2329 1182 2392 δὲ
1202 2334 1267 2392 λοι-

179 2425 259 2504 ποάς
282 2428 377 2506 άξίοος
398 2427 590 2511 άμειβεσθαι
618 2431 682 2494 τάν
711 2428 833 2512 πόνων,
867 2429 919 2493 ἵνα
938 2431 977 2517 τῇ
994 2452 1028 2493 τε
1049 2427 1175 2492 κολάσει
1206 2432 1268 2494 τῶν

178 2524 368 2610 άγνοομάνοον
397 2528 519 2616 ἕκφοβή
528 2581 539 2611 ,
572 2531 627 2595 καί
656 2530 696 2615 τῇ
720 2531 795 2615 περὶ
815 2526 872 2604 τάς
891 2529 1071 2615 εὐεργεσίας
1103 2529 1266 2618 φτλοτιμίρι

178 2623 260 2712 πράς
280 2619 405 2692 rivom
425 2629 605 2713 ἐφέλκηται,
645 2622 662 2693 ὅ
680 2630 740 2710 μὲν
762 2622 821 2694 οἰκ
838 2630 982 2693 ἐπείθετο
1003 2625 1117 2693 αὐτίκα
1137 2626 1193 2692 καί
1210 2631 1296 2711 τῆςλ)

180 2728 394 2812 παραινέσεως
413 2726 649 2814 εὐχαριστήσας
673 2730 829 2812 βασιλέα,
854 2728 1025 2816 πρεσβείαν
1046 2724 1165 2811 ἔπεμπε
1184 2724 1266 2814 πρὸς

250 2852 274 2906 5.
295 2854 414 2913 πολλοῖς
430 2854 458 2908 Ρ.

178 2972 379 3038 inflammetur,
394 2980 427 3027 ut
443 2973 566 3029 cohiberi
586 2991 643 3028 non
663 2983 791 3049 possent,
815 2974 928 3029 Amorio
947 2972 982 3026 de
1001 2979 1056 3025 tam
1073 2972 1182 3057 prolixe
1200 2987 1265 3042 erga

179 3055 208 3097 te
225 3046 365 3098 voluntate
383 3046 482 3117 gratioe
499 3044 556 3116 ogit
574 3046 755 3116 amplissimas
775 3047 926 3115 suasitque,
945 3053 986 3109 ut,
995 3060 1126 3115 quomam
1143 3042 1264 3097 militem

177 3130 256 3168 suum
273 3116 382 3169 flectere
400 3116 589 3186 nequivisset,
607 3125 727 3171 oratores
747 3118 906 3185 Byzantium
925 3115 960 3167 ad
978 3114 1177 3184 imperatricem
1196 3115 1264 3165 mit-

177 3189 257 3250 teret,
272 3188 321 3257 qui
347 3186 484 3250 similiter,
498 3196 530 3240 ut
546 3186 672 3251 antehoc,
685 3187 720 3240 de
745 3202 813 3256 pace
833 3185 999 3238 dissererent
1018 3184 1131 3255 illisque
1149 3184 1265 3236 demen-

176 3257 244 3307 tiam
267 3254 484 3326 exprobrarent,
505 3272 555 3327 per
572 3275 653 3330 quem
672 3259 791 3311 Romano
809 3256 978 3326 principatui
997 3255 1112 3308 exitium
1137 3267 1265 3325 magnum

178 3323 335 3381 invexerint
352 3345 384 3380 oc
401 3327 455 3379 nisi
474 3329 505 3380 in
521 3329 594 3381 viam
610 3326 738 3392 redeant,
756 3329 844 3378 maius
863 3324 997 3379 inventuri
1023 3325 1087 3379 sint
1132 3323 1265 3377 Hortare·

180 3401 224 3445 tur
249 3407 342 3450 autem
374 3414 481 3461 rursus,
512 3396 616 3450 betium
644 3401 756 3450 missum
779 3396 917 3459 iacerent,
942 3413 997 3448 neu
1024 3396 1060 3448 cb
1086 3395 1264 3466 insipientem

179 3462 259 3516 irtam
288 3468 492 3521 contentionem
526 3467 652 3538 quotidie
683 3483 749 3519 aune
774 3467 863 3537 gentis
892 3466 1021 3520 mortales
1045 3467 1075 3517 in
1103 3467 1264 3519 servitutem

179 3532 287 3605 abripi,
311 3538 441 3591 trucidari
465 3545 494 3590 et
520 3537 556 3589 cd
584 3555 725 3594 aerumnas
752 3536 839 3605 redigi
865 3537 995 3588 sinerent
1038 3536 1105 3589 Illos
1130 3552 1214 3599 vero,
1235 3542 1268 3588 ut

179 3605 267 3670 elias,
284 3608 390 3661 nulium
419 3607 453 3660 de
470 3624 537 3678 pace
559 3608 672 3661 verbum
696 3607 855 3668 locuturos,
878 3606 926 3659 red
944 3605 1109 3675 persuadere
1128 3608 1268 3669 enixuroc,

179 3679 221 3729 uti
246 3679 448 3747 quamprimum
470 3695 486 3730 e
509 3679 700 3733 centocuzeno
727 3695 757 3730 se
784 3678 935 3746 disiungat,
964 3683 992 3729 et
1022 3680 1104 3730 mirso
1136 3679 1269 3750 quopiam

178 3743 244 3800 buic
264 3746 371 3799 moneri
387 3746 503 3813 idoneo,
524 3765 648 3816 magnam
665 3749 800 3818 pecuniae
816 3749 881 3810 rim,
900 3745 1033 3798 diocesano
1054 3748 1219 3810 mercedem,
1236 3762 1269 3799 ac

179 3816 450 3888 praetercaciassem
468 3819 700 3889 suppeditaturus.
735 3819 781 3871 Sic
798 3825 827 3869 et
843 3817 918 3890 quod
937 3817 1072 3869 exercitus
1091 3834 1177 3888 usque
1196 3817 1267 3870 odeo

180 3887 379 3950 contenderet,
407 3888 557 3958 perfectum
575 3889 650 3954 iore,
669 3897 697 3943 et
713 3889 792 3940 ilium
812 3896 921 3957 occepta
940 3887 1057 3956 pecunia
1075 3887 1197 3940 libenter
1215 3884 1267 3940 sub

181 3972 211 4009 se
238 3958 388 4012 militanter
412 3960 579 4012 remunerari
603 3975 692 4029 posce.
734 3957 796 4012 Non
821 3959 895 4010 enim
922 3973 1049 4028 aequum,
1069 3958 1149 4009 irasci
1168 3958 1271 4028 pariter

183 4025 336 4094 omnibus,
353 4027 402 4082 sed
425 4028 570 4099 superbiae
593 4038 623 4084 et
646 4028 834 4082 contumaciae
852 4029 1007 4082 incentores
1025 4026 1132 4080 modice
1150 4029 1270 4096 ponien-

185 4095 253 4162 (λοι,
269 4115 305 4151 ne
324 4098 395 4150 elios
415 4097 613 4168 impudentiam
632 4101 758 4170 exemplo
776 4115 826 4164 suto
844 4097 977 4165 doceant3
999 4098 1114 4167 reliquie
1140 4097 1270 4150 conveni·

184 4174 264 4220 enter
287 4167 412 4222 laborum
434 4169 540 4222 meritis
559 4171 679 4239 praemio
699 4163 897 4239 persoivendr,
920 4177 952 4221 ut
969 4176 998 4221 et
1015 4167 1149 4238 supplicio
1166 4166 1271 4235 impro-

183 4229 283 4293 borum
318 4244 436 4305 terreat,
469 4249 498 4295 et
534 4238 733 4297 beneticentiae
769 4238 864 4296 studio
890 4238 960 4294 ellos
987 4238 1023 4294 ed
1046 4253 1076 4295 se
1099 4235 1271 4311 diligendum
