2934 4700
221 311 273 395 ιδ
455 310 461 327 ’
610 302 890 408 nauricorum

68 486 137 547 ΑΒ·
150 488 274 557 134·καί
284 485 306 572 ἦ
318 491 497 574 apostematis
508 493 613 576 παρῆν
625 496 688 557 τῶν
698 491 852 575 ἱλαομῶν,
875 495 1033 560 ἐτελοῦντο
1053 494 1220 578 ἀθορύβως
1243 500 1300 561 κατ’

115 590 148 645 V.
158 593 209 649 285
218 591 412 672 τεταγμένως
425 582 536 688 οὕτως,
552 588 595 667 ὥς
607 593 710 657 δοκεῖν
717 587 846 676 ὀλίγους
859 591 949 669 τινὰς
963 587 1111 660 εἶναικαὶ
1122 590 1299 680 εὐαριθμή-

213 710 288 763 τους
306 683 380 764 τοὺς
397 690 576 764 τελοῦντας.
599 690 675 756 otte
696 691 757 776 γὰρ
780 687 901 776 ἄσημος
923 717 972 769 τις
1000 691 1162 778 ἐξηκοίετο
1187 696 1298 777 θροῦς,

218 779 284 852 olor
310 794 413 851 ποιεῖν
445 794 537 873 φιλεῖ
562 786 597 853 τὸ
626 792 765 874 πλῆθος,
806 793 872 856 ἀλλ’
895 794 1018 871 έξαισία
1038 817 1085 869 τις
1105 792 1299 876 εὐαρμοστία

217 888 274 950 καί
295 889 466 973 συμφωνία
484 889 621 969 μέλους,
643 887 768 955 πάντων
787 893 901 977 ἐφεξῆς
920 891 994 970 τους
1014 890 1121 979 ἱερούς
1161 888 1319 978 ᾀδόντων5

217 981 347 1066 ὕμνους.
395 988 451 1050 καί
482 977 522 1071 ἢν
553 987 610 1051 οὐκ
637 986 781 1073 ἔκπληξιν
805 990 919 1073 μόνον,
951 984 1031 1055 ἀλλὰ
1060 990 1115 1056 καί
1129 988 1243 1077 ἡδονὴν
1262 988 1297 1055 τὸ

217 1081 326 1165 θέαμα
346 1088 505 1171 παρέχον,
526 1080 695 1171 κατάλογος
718 1085 802 1171 ἱερὰς
822 1084 977 1170 ὁρώμενος
998 1092 1144 1164 τοσοῦτος
1156 1086 1222 1172 ἅμα
1236 1098 1301 1167 τοῖς

216 1180 403 1267 ἱεράρχαις,
434 1188 561 1261 στολαῖς
587 1183 688 1270 λεραῖς
716 1190 941 1271 κεκοσμημένοι
968 1190 1023 1252 καί
1047 1191 1124 1269 μίαν
1143 1193 1303 1266 τελοῦντες

215 1281 353 1365 τελετὴν,
375 1281 435 1369 ὕφ’
453 1279 503 1349 ἔνι’
521 1281 714 1368 καθηγεμόνι
733 1289 777 1371 τῷ
795 1283 974 1374 πατριάρχη
989 1290 1177 1369 τεταγμένοι.
1220 1294 1299 1370 λαμ·

186 1380 330 1457 nunidem
350 1384 386 1447 dt
405 1385 571 1471 περιουσία
590 1382 646 1448 καί
662 1386 701 1472 τῇ
719 1376 799 1471 ἄλλῃ
821 1389 1005 1472 πολυτελείᾳ
1026 1387 1081 1470 τῆς
1101 1391 1341 1472 παρασκευῆςω

220 1478 350 1557 καὶτὰς
373 1480 495 1547 ποίποτε
516 1475 717 1563 ὑμνουμένας
735 1480 943 1567 παρηκόντισε
966 1487 1027 1549 τῶν
1045 1480 1175 1570 ἑορτῶν.
1224 1481 1301 1552 εἷνα-

220 1579 353 1661 adnata
373 1582 409 1645 di
429 1578 467 1645 ssi
488 1578 544 1647 tut
561 1579 684 1656 τούτοις
703 1582 759 1645 καί
776 1580 851 1656 τούς
870 1585 932 1647 τῶν
953 1581 1062 1667 ἱερέων
1075 1579 1223 1667 μισθους,
1246 1609 1302 1670 pr-

193 1683 354 1761 ·λοτίμως
381 1678 521 1760 μάλιστα
550 1682 774 1763 γεγενημένους
804 1677 919 1770 ἑκάστῳ
948 1685 1014 1747 κατ’
1045 1683 1156 1762 α’ξίαν,
1180 1680 1302 1749 οἴκοθεν

221 1776 238 1845 ὃ
259 1782 357 1863 μέγας
376 1778 554 1859 ὃομέοτικος
573 1780 750 1864 παρέσχετο
773 1777 878 1855 αίτός.

116 1900 146 1963 l’.
162 1900 211 1956 ³51
303 1878 343 1960 β’-
386 1876 484 1944 :atti
504 1874 545 1943 cti
572 1880 632 1959 μὲν
653 1880 716 1943 τῶν
736 1876 879 1962 ἱλασμοῖν
898 1885 1031 1947 τοιαῦτα
1053 1878 1197 1964 ἐγεγόνει.
1243 1881 1343 1952 uri-r5

221 1977 276 2055 τὸς
295 1979 332 2042 δὲ
349 1973 449 2060 εἴχετο
473 1981 528 2061 τῆς
546 1980 608 2042 ταῖν
626 1976 822 2063 πραγμάτων
842 1977 1023 2065 διοικήσεως
1044 1978 1148 2062 ὥσπερ
1164 1978 1221 2044 καί
1231 1976 1304 2067 ,πρίν

221 2097 333 2162 τερον,
351 2076 471 2160 μηδένα
490 2071 675 2141 laomedon
701 2080 777 2161 accpi
805 2074 942 2152 ου’δενός.
988 2082 1031 2165 τῷ
1059 2080 1237 2165 πατριάργη
1267 2082 1304 2144 di

222 2176 281 2241 oris
309 2169 398 2260 ἤρκει
417 2176 522 2256 μένειν
549 2176 604 2239 sut
622 2183 686 2251 τοῖς
705 2178 889 2261 προτέροις,
910 2179 976 2240 u‘tt'
1001 2176 1102 2241 ἐδόκει
1126 2179 1191 2239 δεῖν
1217 2177 1303 2240 (ἰντέ-

217 2279 336 2362 pastor
347 2277 403 2360 τῆς
415 2275 477 2339 τῶν
492 2277 603 2339 κοινῶν
623 2271 815 2359 πραγμάτων
836 2271 1033 2360 διοικήσεως,
1057 2275 1100 2352 ὥς
1116 2276 1303 2364 αὕτηῖπροσ-

219 2372 354 2462 ηκούσης
391 2376 427 2439 ἐκ
452 2371 599 2459 τοιαύτης
629 2371 668 2457 δή
696 2398 777 2448 τινος
806 2375 915 2450 αἰτίας.
961 2374 1006 2439 ἔτι
1029 2373 1188 2459 περιόντος
1207 2381 1340 2458 βασι-κο

165 2525 169 2542 ,
220 2478 300 2551 λεόος
321 2474 378 2538 οὐκ
400 2468 493 2562 ὄλίγερ
512 2469 616 2559 χρόνῳ
635 2470 696 2556 πρὸ
722 2477 777 2555 τῆς
798 2475 941 2554 τελευτῆς
962 2473 1185 2554 συνεβούλευεν
1213 2475 1229 2539 ὁ
1250 2478 1304 2555 μέ·

220 2599 279 2660 γας
307 2575 489 2655 δομέσττκος
509 2570 596 2657 αὐτῷ
615 2570 815 2656 πατριάρχην
838 2581 945 2635 πεῖσαι
965 2572 1120 2652 ἐπιτίμιον
1139 2570 1305 2638 ἀνατείνα-

222 2678 302 2741 σθαι
328 2670 384 2736 καὶ
410 2668 575 2756 χωρισμὸν
604 2673 662 2754 τῆς
687 2672 851 2755 ἐκκλησίας
870 2674 933 2735 τοῖν
951 2672 1085 2753 πιστοῦν,
1106 2670 1140 2736 εἴ
1156 2697 1202 2749 τις
1221 2695 1304 2737 τετε-

223 2857 283 2912 diea
299 2855 440 2927 placandis
467 2853 593 2908 manibus
614 2853 687 2909 dicta
713 2853 824 2919 illuxit,
852 2854 941 2909 omnia
966 2852 1034 2907 adeo
1062 2858 1130 2912 citra
1157 2860 1305 2912 tumultum

223 2938 357 2998 tantoque
376 2927 473 2979 ordine
492 2934 602 2998 peracta
620 2932 700 2988 sunt,
731 2925 810 2996 quasi
835 2929 883 2995 qui
906 2926 1069 2996 peragebant
1094 2930 1172 2996 pauci
1195 2945 1226 2981 ac
1249 2947 1306 2982 no·

223 3006 330 3052 metatu
363 2995 455 3050 faciles
489 3003 587 3051 essent
635 2997 732 3050 Neue
763 2995 836 3048 enim
865 2997 961 3051 saltem
992 2998 1131 3052 obscurius
1168 3016 1305 3061 murmur,

224 3072 305 3142 quale
324 3071 353 3121 in
372 3069 529 3140 frequentia
548 3067 633 3127 solet,
653 3013 700 3118 sei
719 3063 887 3118 admirabilis
908 3066 1059 3137 quaedam,
1077 3066 1203 3122 omnibus
1221 3068 1306 3121 alter-

223 3141 311 3195 natim
329 3156 416 3192 sacros
433 3138 546 3207 hymnos
570 3134 790 3197 modulantibus,
821 3138 990 3190 concinnitas
1013 3145 1096 3209 atque
1114 3141 1306 3192 convenientia

223 3227 319 3266 vocum
348 3208 561 3266 exaudiebatur:
594 3224 645 3260 uec
672 3206 777 3274 stupori
805 3213 926 3270 tautum,
958 3207 1006 3260 sed
1036 3210 1170 3278 voluptati
1195 3227 1306 3282 quoque

225 3292 285 3335 erat
301 3281 353 3335 hoc
377 3280 577 3349 spectaculum,
603 3278 667 3329 dum
692 3277 730 3326 ita
756 3277 849 3343 ingens
881 3277 1049 3331 sacerdotum
1074 3281 1221 3332 multitudo
1245 3298 1306 3333 cum

226 3352 376 3422 episcopia,
399 3349 496 3402 induta
514 3345 756 3409 accurrentibus,
780 3346 831 3398 sub
855 3365 910 3400 uno
927 3348 1080 3418 patriarcba
1098 3351 1183 3415 duce,
1207 3352 1307 3404 iisdem

224 3421 325 3476 ritibus
341 3423 504 3490 iungeretur.
541 3415 707 3488 Lampaduos
723 3433 786 3469 vero
809 3419 888 3488 eopia
908 3420 1062 3490 reliquique
1085 3439 1100 3472 o
1122 3432 1229 3490 paratus
1246 3439 1305 3471 arn·

225 3492 335 3564 plitudo
358 3489 481 3542 omnium
498 3487 604 3540 dierum
618 3490 762 3550 festorum,
778 3490 826 3558 qui
850 3505 970 3560 unquam
986 3439 1176 3544 uernoraiites
1195 3493 1307 3544 exstite-

224 3571 305 3625 runt,
336 3560 561 3630 magnificentiam
580 3558 808 3629 splendoremque
823 3558 977 3629 superabat.
1012 3563 1102 3632 Atque
1132 3563 1160 3612 in
1183 3562 1250 3614 hacc
1277 3569 1306 3613 et

226 3634 257 3685 in
278 3631 446 3684 sacerdotum
472 3629 637 3698 amplissima
658 3627 803 3680 honoraria
827 3645 877 3698 pro
903 3631 1035 3702 cuiusque
1068 3631 1201 3701 dignitate
1231 3650 1307 3685 sum-

226 3711 305 3775 ptum
325 3702 359 3755 de
375 3718 424 3754 suo
440 3700 508 3753 fecis
524 3715 636 3767 magnus
654 3697 827 3750 domesticus.

298 3790 322 3826 a.
363 3771 486 3825 Piamina
524 3770 635 3839 quidem
676 3767 745 3821 haee
784 3770 903 3823 luerunt
970 3770 1032 3838 lpse
1065 3780 1154 3823 autem
1190 3790 1305 3842 magnus

228 3841 402 3908 domesticus,
428 3841 564 3912 quomodo
584 3838 711 3903 antehac,
730 3839 764 3892 ad
792 3856 847 3891 rem
879 3839 1016 3908 publicam
1045 3843 1238 3909 procurandoru
1260 3845 1305 3894 in-

226 3912 388 3975 cumbebat,
417 3911 451 3964 de
476 3912 586 3963 nemine
606 3909 683 3963 nulla
711 3910 741 3962 iu
769 3925 797 3960 re
818 3910 968 3981 quidquam
987 3913 1125 3980 suspicans
1144 3914 1216 3964 mali.
1253 3915 1304 3963 Pa·

224 3982 343 4037 triarcha
362 3985 390 4033 in
406 3998 454 4034 sua
480 3982 552 4052 pelle
577 3981 718 4052 quiescere
745 3996 801 4031 non
825 3988 949 4049 poterat,
975 3981 1024 4033 scd
1047 3983 1157 4052 imperii
1185 3983 1304 4035 admini-

225 4055 399 4118 strationem,
426 4060 458 4104 ut
474 4052 528 4105 sibi
547 4058 757 4122 congruentem,
783 4066 816 4102 ex
834 4068 913 4102 causa
932 4050 1087 4104 istiusmodi
1114 4053 1305 4122 capessendam

226 4123 374 4179 iudicabat.
418 4121 481 4174 Non
510 4137 606 4193 parum
640 4120 687 4173 diu
715 4127 778 4172 ante
801 4135 940 4173 excessum
967 4124 1126 4190 Imperatori
1159 4124 1307 4176 consilium

226 4196 305 4248 dedit
336 4209 449 4264 magnus
478 4190 657 4255 domesticus,
690 4191 860 4262 patriarchae
895 4200 989 4243 auctor
1017 4200 1088 4244 essct
1126 4210 1241 4262 poenam
1276 4201 1305 4245 et

226 4267 390 4322 eiectionem
421 4279 454 4318 ετ
484 4263 599 4320 ccclesia
626 4260 839 4329 interminanti,
873 4263 896 4316 si
924 4264 985 4333 quis
1009 4263 1175 4334 Imperatore
1198 4273 1306 4320 mortno
