2934 4700
241 288 325 377 352
480 296 505 361 θ
632 314 912 384 cultricum

96 481 157 539 sc.
168 476 298 553 siturus*
316 470 459 559 φανεροδς
476 470 557 555 άπδρ
579 463 680 535 ariensi
699 472 910 555 διαλεχθῆναι
924 465 1156 555 Βερήοιοέταις·
1195 474 1328 552 βασιλεῐ

239 596 274 641 τε
292 571 353 657 γάρ
377 569 417 636 τά
437 572 567 653 μέγιστα
589 568 802 654 λυσιτελήσειν
815 568 850 635 τὸ
871 571 994 633 τοιοῦτο
1010 571 1065 633 καί
1078 568 1165 655 scarp
1177 567 1231 653 τήν
1244 593 1322 634 συν-

239 675 355 756 τυχίαν
379 672 500 755 μηδένα
523 669 672 753 ,ιιάιδυνον
700 663 831 753 ὕστερον
852 661 892 733 ds
923 668 1110 751 ἐπαγαγεῖν,
1143 670 1173 733 εἰ
1190 668 1210 752 ἦ
1229 666 1321 744 πόλις

240 773 440 856 προσχωροίή
467 774 602 849 βασιλεῖ.
629 765 769 832 ἐπείθετό
783 791 818 832 τι
833 766 850 830 δ
865 765 1017 849 βασιλεύς
1031 765 1141 831 αὖτύια
1163 771 1218 831 καί
1238 765 1320 852 πρδς

144 878 230 950 1λὸήὸ
240 866 373 956 Κράλην
395 865 497 933 isius
517 863 723 949 ἐπυνθάνετο,
744 869 776 930 εἰ
792 865 934 949 βούλοιτο
956 863 1034 948 πρὸς
1048 864 1210 950 Βέβροιαν
1238 862 1340 947 πέμ-5

238 962 516 1053 πεινἎρμπενον.
535 967 644 1032 τοῦδέ
666 969 875 1048 συνθεμένου,
895 964 1112 1050 ,,έβουλο’μηι”
1132 958 1200 1028 rinc
1219 962 1319 1051 „ypsi-

239 1091 312 1155 φειν
331 1070 386 1130 καί
403 1059 501 1142 sidric
521 1065 629 1141 αὐτοῖς
648 1066 704 1129 καί
721 1072 885 1148 παραινεῖν
904 1066 949 1140 εἰς
968 1062 1027 1147 τήν
1047 1064 1137 1129 πόλιν
1152 1065 1314 1146 δέχεσθαι.

238 1167 353 1233 έννοῶν
374 1167 431 1249 δέ,
451 1158 503 1229 οἷα
523 1163 672 1248 δράσειαν
693 1167 825 1248 Φεραῖοι
845 1161 901 1229 τόν
920 1159 1132 1247 πρεσβεύοντα
1151 1158 1319 1227 άπεκτονό-

237 1288 299 1347 τες,
318 1260 397 1349 πρὸς
416 1261 475 1347 ’τήν
495 1263 688 1348 ἐπιχείρησιν
708 1256 935 1344 ἀμβλύνεσθαι,
957 1260 1105 1337 δεδοικώς
1122 1257 1167 1347 μή
1188 1265 1242 1325 καί
1260 1254 1316 1326 άλ·

238 1368 283 1452 λιρ
312 1384 355 1451 τῳ
384 1364 488 1427 κακῶν
510 1359 625 1443 ὁμοίαν
646 1358 747 1436 αἴτιος
769 1363 916 1448 καταστῇ.
956 1356 1163 1442 συνεβούλευέ
1182 1382 1215 1424 τε
1235 1362 1359 1439 μάλ-ιο

237 1470 295 1528 λον
313 1456 447 1547 γράφειν
468 1457 565 1535 αάτδς
584 1454 665 1542 ὑπὲρ
687 1453 791 1523 cedrusi
798 1476 807 1496 ⁰
851 1455 920 1541 ἅμα
941 1459 977 1524 δέ
996 1458 1050 1523 καί
1065 1459 1237 1545 ’Λρμπένῳ
1250 1459 1318 1523 ἑπι-

237 1562 364 1645 τρέπειν
392 1556 610 1642 Βεῤῥοιάταις
643 1553 701 1633 τάς
729 1555 810 1641 πρὸς
841 1554 994 1641 ἀλλήλους
1019 1557 1125 1621 adenis
1157 1554 1318 1641 συνθήκας

237 1657 295 1722 καί
319 1654 395 1732 τοάς
415 1651 528 1740 ὅρκους
548 1654 705 1742 φανεροὺς
723 1664 841 1736 ποιεῖν,
872 1655 928 1720 καί
953 1653 996 1731 ὥς
1021 1652 1071 1740 εἴη
1093 1655 1148 1719 ταί
1166 1656 1221 1720 σοί
1239 1652 1318 1736 πράς

236 1753 356 1842 ἡδονήν
378 1755 413 1820 τδ
434 1764 630 1839 προσχωρεῖν
650 1753 767 1830 αάτσάς
788 1754 885 1842 αὐτῷ.
925 1753 945 1818 δ
963 1756 998 1820 δέ
1018 1752 1058 1818 τά
1072 1756 1132 1835 μὲν
1144 1752 1316 1837 γράμματα

237 1857 402 1941 ἐπέτρεπεν
424 1851 521 1919 αὐτὸν
542 1850 777 1939 ὑπαγορεύοντα
795 1850 996 1941 γράφεσθαι,
1024 1847 1056 1919 οἷ
1076 1848 1116 1917 άν
1136 1856 1213 1941 δοκῇ
1232 1851 1357 1939 adtriti

205 1956 423 2041 Βσυμφέρειν.
456 1946 644 2037 ’Ἀρμπενυν
664 1955 700 2020 δέ
719 1954 861 2017 ἐκέλευεν
877 1949 958 2037 ὑπὲρ
978 1952 1133 2036 βασιλέας
1153 1949 1318 2037 Bsp'p‘orsr'-

235 2077 307 2131 ταις
329 2056 530 2138 διαλέγεσθαι
551 2051 606 2118 καί
624 2051 763 2140 φανερὸν
783 2054 889 2128 αυτοῖς
907 2062 1017 2134 ποιεῖν,
1038 2051 1082 2127 ὥς
1100 2054 1191 2116 autes
1210 2047 1316 2134 ήγοϊτο

235 2154 402 2239 διαφέρειν
430 2151 515 2240 αὐτῷ
542 2176 577 2216 τε
606 2160 806 2237 προσχωρεῖν
823 2154 879 2215 καί
895 2155 1029 2233 βασιλεϊ.
1078 2147 1163 2216 οὕτω
1181 2153 1242 2232 μὲν
1260 2141 1317 2213 σάν

234 2248 256 2337 ἦ
277 2254 398 2318 έπίιοια
418 2253 527 2328 adroic
548 2252 593 2326 εἰς
615 2250 701 2326 τέλος
723 2246 802 2334 ήκει.
834 2245 1018 2335 ’Λρμπενος
1037 2252 1073 2316 δέ
1092 2251 1137 2326 εἷς
1155 2244 1316 2335 Βὲρροιαν

233 2350 351 2432 diuinis,
380 2349 421 2417 τά
451 2376 484 2417 το
505 2349 621 2437 Κράλρ
646 2348 818 2436 γράμματα
850 2355 1014 2433 παρείχετο
1045 2350 1355 2434 ἅναγινὸσιιεσθαιπο

234 2453 285 2517 έιί
303 2454 468 2535 ἐκκλησίας
488 2449 544 2514 καί
560 2447 600 2515 τά
620 2452 777 2532 βασιλέως
797 2458 863 2524 ταῖς
881 2451 1066 2534 ἐπιτηδείοις
1086 2446 1195 2535 ιιράφα
1215 2446 1315 2511 διεδί-

234 2551 305 2614 δου.
343 2548 547 2634 Βεβρσιοδται
577 2548 613 2612 δέ
638 2545 694 2611 καί
715 2546 867 2633 πρότερον
884 2550 944 2626 μὲν
963 2545 1003 2612 τά
1022 2550 1176 2629 βασιλέως
1195 2544 1315 2634 ᾑρημέ-

234 2669 284 2714 νοι
313 2646 346 2711 oi'
371 2669 405 2712 τε
427 2639 552 2732 ἄριστοι
573 2643 689 2729 ὁμοίιος
708 2642 764 2709 καί
783 2644 800 2708 δ
822 2647 922 2731 δήριος
942 2640 1034 2732 ήσσν,
1056 2648 1110 2713 καί
1128 2644 1198 2711 τότε
1219 2646 1255 2709 δέ
1276 2639 1312 2709 ά-

305 2785 565 2860 pfflmmh
653 2788 806 2849 ηώῆ

236 2929 364 2986 risoeotss
383 2940 453 3004 agat.
487 2932 545 2985 Hoc
562 2946 624 2983 nam
665 2938 727 2984 eet
744 2931 901 3001 imperatori
918 2931 976 2983 iore
996 2930 1187 2994 utilissimum,
1203 2939 1231 2985 et
1248 2938 1312 2986 corr·t

254 3019 356 3055 ressum
373 3002 447 3057 huuc
467 3003 520 3055 sibi
537 3002 629 3074 pericu
643 3019 688 3053 usu
711 3003 818 3054 nulium
838 3009 1011 3063 creaturum,
1030 3004 1053 3054 si
1071 3001 1134 3053 urbs
1163 3005 1188 3055 ei
1211 3018 1240 3055 se
1256 3003 1306 3055 εδ·

247 3076 363 3133 unxerit.
381 3074 551 3146 Amplectens
563 3073 707 3125 consilium
724 3073 871 3142 imperator
887 3072 977 3124 statisn
990 3071 1024 3124 ad
1038 3072 1145 3125 Craieru
1161 3073 1228 3138 adit,
1245 3091 1310 3126 uum

232 3145 372 3199 Arbcnum
390 3145 551 3197 Berrboeam
568 3144 677 3196 mittere
694 3142 776 3206 velit,
794 3151 991 3212 percunctatur.
1027 3140 1090 3209 Quo
1108 3143 1215 3207 aiente,
1234 3146 1313 3197 vois·

233 3214 298 3267 isam
326 3215 431 3285 etipse
460 3215 494 3266 ad
528 3229 575 3265 eos
606 3211 740 3274 scribere,
767 3213 877 3283 iuquit,
895 3228 995 3283 eosque
1022 3228 1117 3276 orare,
1146 3216 1186 3265 uti
1210 3231 1254 3266 rue
1281 3215 1310 3265 in

234 3284 331 3336 urbem
349 3285 531 3338 admitterent.
567 3281 621 3335 Sed
642 3299 746 3336 mecum
766 3290 900 3350 repetens,
917 3299 972 3354 quo
991 3291 1069 3351 pacto
1088 3283 1204 3353 legatum
1220 3302 1310 3337 meum

234 3353 348 3408 Pheraei
374 3362 437 3407 ante
461 3354 649 3413 tractaverint,
677 3370 758 3424 quem
783 3351 1018 3415 contrucidarunt,
1041 3362 1137 3422 coepto
1159 3353 1251 3407 destiti
1270 3356 1310 3407 ti·

233 3425 363 3496 annique,
383 3442 418 3477 ue
433 3425 516 3476 alium
537 3423 567 3475 in
585 3422 674 3474 simiic
695 3424 795 3474 malum
815 3424 986 3481 coniiceresu,
1028 3422 1194 3476 Hortabatur
1213 3427 1309 3495 itaque

233 3493 359 3556 cruam,
384 3500 417 3546 ut
444 3494 504 3564 ipse
534 3494 626 3560 potius
648 3508 696 3560 pro
724 3510 753 3545 se
773 3492 918 3556 scriberet,
945 3502 974 3545 et
989 3492 1076 3544 nihilo
1094 3495 1182 3547 minus
1198 3497 1308 3549 Arbeno

232 3563 393 3626 mandaret,
412 3571 443 3616 ut
460 3567 483 3616 is
503 3561 644 3614 amborum
663 3565 736 3613 inter
752 3580 780 3614 se
796 3561 906 3616 foedera
924 3567 1027 3616 sancita
1047 3564 1137 3633 palam
1155 3565 1306 3619 indicaret:

232 3638 263 3686 et
281 3634 334 3704 ipsi
362 3636 443 3685 etiam
465 3633 600 3700 voluptati
625 3630 765 3695 futurum,
789 3634 812 3683 si
832 3632 867 3684 ad
891 3632 1107 3685 Cantacuzenum
1135 3651 1163 3686 se
1181 3650 1308 3705 aggrega·

230 3704 296 3755 rint
340 3703 431 3757 Crsles
456 3719 489 3755 eo
517 3700 655 3766 dictante,
687 3718 756 3772 quas
783 3701 837 3755 sibi
869 3701 1022 3756 commodas
1050 3703 1178 3767 duceret,
1205 3704 1309 3758 exarari

230 3773 338 3826 litterar
365 3773 504 3845 permisit,
529 3771 694 3842 Arbeuoque
712 3775 869 3842 praecepit,
898 3791 946 3842 pro
969 3774 1133 3842 imperatore
1152 3776 1224 3844 apud
1243 3778 1308 3827 Ber·

231 3842 359 3897 rhoeotas
383 3843 528 3896 dissereret
547 3843 665 3913 illosque
684 3842 808 3905 doceret,
841 3842 946 3895 Craiem
968 3844 1111 3908 arbitrari,
1129 3845 1200 3897 nihii
1218 3848 1308 3899 inter·

231 3928 309 3976 esre,
334 3912 490 3982 adipsum,
514 3928 549 3965 au
566 3911 697 3964 edilium
717 3929 747 3963 se
766 3911 928 3967 conferrent.
974 3915 1020 3966 Sic
1043 3915 1100 3967 iiiis
1128 3925 1308 3970 commentum

231 3999 267 4038 ex
289 3984 375 4037 animi
399 3984 534 4038 sententia
552 3984 690 4051 processit
726 3982 850 4035 Arbacus
870 3982 1029 4036 Berrhoeanr
1049 3986 1197 4055 ingrersus,
1220 3986 1308 4039 Crslis

229 4055 337 4108 litteras
355 4056 385 4107 in
410 4062 545 4107 conventu
564 4051 716 4105 recitandas
735 4049 864 4106 exhibet:
882 4062 911 4105 et
927 4054 994 4106 alins
1014 4054 1184 4123 imperatoris
1202 4058 1308 4111 occuito

227 4139 279 4194 per
298 4127 356 4178 eius
381 4123 504 4178 fautores
521 4124 631 4193 spargit
681 4121 862 4175 Berrhoeotae
880 4131 908 4191 et
926 4132 1005 4176 autea
1022 4125 1057 4177 ab
1076 4125 1239 4194 imperatore
1258 4126 1311 4178 rui·

228 4194 304 4249 srinrs
321 4196 425 4260 alieni,
449 4193 593 4264 optimates
612 4208 699 4264 aeque
717 4209 749 4245 ac
766 4194 876 4261 vulgus,
900 4203 929 4247 et
951 4203 1017 4247 tunc
1040 4210 1056 4245 a
1078 4195 1207 4249 Triballis
1221 4194 1310 4267 pressi

229 4263 337 4335 (crebro
355 4268 430 4323 enisa
452 4266 678 4337 continenterque
697 4278 745 4317 eos
762 4263 938 4320 incursabant
955 4271 985 4318 et
999 4280 1092 4336 agrum
1114 4268 1306 4338 populationi-
