2934 4700
462 294 745 362 ursroununu
774 296 830 361 m.
852 300 904 368 ra.
1139 271 1220 376 451

153 448 239 526 λοις,
264 441 470 527 ἀγνοούμενοι
499 446 530 511 εἰ
561 446 742 529 βασιλικὰς,
769 440 790 531 ἢ
821 447 982 526 ῖδιωτικύς
1002 446 1090 516 ἔνδον
1117 448 1369 535 &premuniti

152 546 297 628 ἐσθῆτας.
344 545 375 610 εί
404 537 460 610 σύν
487 549 578 610 τούτο
607 540 749 631 συνθη’κη
780 547 916 633 ταύτην
946 553 1109 631 βασιλείαν
1138 549 1223 617 ἐστίν

154 632 351 725 ἀποθέμενον
367 645 531 720 ἰδιωτικῶς
554 645 621 731 ζῇν,
644 639 751 729 ὥσπερ
771 648 885 722 ἐκεῖνος
901 647 1142 745 καταψεύδεται,
1162 651 1231 736 κρί·

152 764 228 806 νοτε
247 743 348 822 ύμεῖς.
388 746 419 808 εἰ
438 745 466 807 δ’
482 738 614 826 ἑτέρως’,
643 735 788 827 ἢύσπερ
810 741 906 821 αύτύς
924 747 1074 830 εῖρὴκειν,
1095 743 1181 831 ἔχει,
1212 744 1229 813 o‘

136 839 335 924 5Συναδηνύς
362 839 472 926 παριύν
503 842 699 923 ἑξελεγχέτω.
740 835 809 905 ἄλλ’
826 842 883 905 ουίι
916 835 956 909 riv
976 846 1109 918 δύναιτο,
1152 844 1232 931 πρὸς

153 943 213 1019 μέν
242 933 299 1003 σύν
326 937 402 1015 τούς
441 939 690 1021 ὀνομαζομένους
716 934 889 1025 ἄρχοντας,
915 944 949 1007 οδ
971 944 1164 1030 δικαιότερον
1190 942 1231 1010 ἄν

152 1040 272 1119 μᾶλλον
293 1036 475 1123 ἀνδράποδα
495 1040 549 1101 καί
568 1041 672 1102 δοῦλοι
694 1045 855 1119 καλοῖντο,
877 1041 932 1104 καί
950 1040 1010 1124 την
1028 1066 1230 1127 παρακοιμω-

153 1139 250 1218 μένου
271 1135 479 1220 ψευδολογίαν
506 1138 631 1221 α’ρκέσει
646 1137 701 1202 καί
717 1135 755 1202 τὰ
776 1139 949 1222 εἰρημένα,
990 1139 1048 1226 τη’ν
1067 1165 1100 1206 τε
1121 1136 1260 1209 ύνοιανΒ

153 1236 280 1301 ἐκείνων
308 1235 363 1300 καί
394 1234 574 1321 φαυλότητα
610 1238 665 1300 καί
685 1234 744 1320 την
763 1239 881 1303 ἐκείνου
902 1241 1084 1325 μοχθηρίαν
1103 1245 1232 1326 α’πελέγ·

116 1360 233 1419 ιοχειν.
274 1333 354 1419 πρὸς
383 1337 419 1411 δέ
448 1333 507 1419 τήν
529 1332 608 1419 πρὸς
627 1334 827 1422 πατριύρχην
856 1339 1024 1422 α’πολογιάν
1045 1333 1232 1428 ἦδητρέψσ·

150 1460 222 1516 μαι.
265 1426 304 1498 ἂν
329 1437 361 1498 δ’
382 1431 445 1498 rino*
476 1439 538 1500 τούν
575 1431 677 1518 λόγων
709 1435 918 1521 ἄπελίγχηται
951 1436 1146 1519 ψευδόμενος
1179 1439 1235 1506 καί

150 1536 310 1616 ε’πισρκιύν
329 1531 443 1615 αύτὸς,
466 1535 521 1600 καί
539 1537 600 1604 τῶν
622 1532 765 1616 αἱμάτων
785 1538 840 1601 καί
858 1540 922 1601 τῶν
934 1535 1040 1623 φόνιον
1061 1537 1162 1615 αἴτιος
1177 1539 1235 1605 καί

150 1634 214 1696 ταῖν
234 1633 357 1715 μυρίων
377 1637 498 1716 κακῶν,
519 1631 541 1699 ἃ
561 1632 636 1709 τούς
654 1636 874 1718 ταλαιπώρους
890 1635 1065 1717 Ῥωμαίους
1085 1640 1232 1703 τοσοῦτον

150 1722 213 1813 ἤδη
233 1733 357 1812 κατέχει
374 1727 511 1814 χρόνον,
533 1723 577 1796 eir
599 1730 695 1808 αύτύς
716 1735 750 1796 ἑν
770 1742 835 1808 τοῖς
854 1731 1038 1819 γράμμασιν
1051 1733 1154 1801 αἴτιον
1176 1739 1234 1819 tut

114 1830 335 1915 ιόγεγενῆσθαι
363 1832 446 1914 λέγει
472 1827 713 1916 ἐπιθυμήσαντα
740 1836 796 1917 τῆς
815 1835 996 1916 βασιλείας,
1024 1832 1069 1919 μη
1090 1837 1161 1917 ἐμοὶ
1178 1835 1234 1901 τὸν

148 1925 278 2010 ε’λεγχσν
306 1931 572 2014 προσλογίζεσθαι
600 1933 656 1994 κατ’
674 1928 732 2014 τῆν
754 1931 904 2016 αἰσχύνην
924 1931 982 2017 την
1013 1928 1076 1996 rint
1097 1936 1161 1999 τῶν
1181 1935 1234 1999 λύ-

149 2052 230 2110 γιον,
255 2031 322 2091 ἀλλ’
345 2030 450 2118 ἐκείνῳ
470 2034 512 2116 τῷ
531 2028 612 2115 πρὸς
638 2026 768 2105 τούτους
788 2027 1025 2114 καταστήσαντι.
1067 2034 1151 2115 λέγει
1170 2033 1234 2098 τοί.

148 2151 223 2208 νυν,
252 2125 295 2201 ὥς
322 2125 382 2209 ἐγώ
413 2125 487 2203 τούς
512 2127 592 2214 πρὸς
611 2131 745 2210 βασιλέα
770 2123 884 2212 ύρκους
905 2129 1051 2212 παραβὰς
1091 2130 1148 2196 καί
1174 2130 1234 2216 την

148 2223 344 2308 θαυμαστήν
375 2227 494 2311 ε’κείνην
521 2231 632 2314 φιλίαν
663 2224 838 2309 α’θετὴσας,
858 2226 917 2313 ύφ’
945 2219 983 2312 ἧς
1015 2229 1102 2314 παρὰ
1134 2230 1262 2302 adsone

109 2323 202 2394 aordv
229 2325 346 2391 ἐκείνου
380 2326 451 2408 βίον
486 2330 608 2391 πολλῶν
642 2326 808 2391 ἀπέλαυσα
835 2330 891 2393 καί
909 2328 1054 2410 μεγάλων
1081 2328 1231 2423 οἷγαθύν,

147 2425 361 2506 ἐπεβούλευσα
392 2434 457 2502 τοῖς
486 2428 581 2490 παισί
608 2429 662 2490 καί
688 2428 829 2507 βασιλίδι
860 2429 900 2514 τῇ
931 2429 1052 2515 γαμετῇ
1075 2427 1156 2509 μετὰ
1174 2428 1232 2513 την

146 2523 302 2607 τελευτήν.
345 2527 376 2588 εἰ
398 2528 457 2607 μὲν
486 2519 544 2589 σύν
571 2525 741 2589 α’κολασίαν
771 2527 953 2612 κατηγόρει,
986 2522 1008 2612 ἢ
1040 2530 1228 2613 α’συνεσίαν,

147 2620 171 2708 ἦ
193 2624 333 2701 δειλίαν,
363 2616 436 2709 ἧτι
466 2629 529 2690 τῶν
560 2620 618 2690 ὅσα
638 2623 828 2709 πρόσκαιρον
847 2622 914 2709 ἔχει
933 2624 996 2711 την
1022 2629 1146 2709 μέμψιν
1174 2631 1231 2694 καί

146 2716 283 2808 ἧύβρις
302 2724 347 2797 εἰς
366 2720 400 2787 τύ
422 2729 514 2806 σῶμα
537 2725 715 2807 διαβαίνει,
748 2715 861 2810 ἤνεγκα
889 2715 930 2791 dv
957 2729 1029 2815 σιγῇ
1047 2724 1105 2811 την
1133 2753 1229 2815 κατη-

218 2857 260 2910 υ3.
277 2852 352 2925 uode
368 2851 472 2925 καιρὸν
488 2855 515 2906 P.

147 2975 244 3030 quam,
273 2975 330 3013 non
356 2956 464 3010 difficile
481 2956 629 3008 sustulero:
652 2957 747 3010 armati
765 2959 838 3010 enim
858 2959 1066 3023 conveniemus,
1084 2966 1117 3011 ut
1137 2952 1226 3029 impe·

148 3030 301 3093 ratorione,
332 3046 367 3081 au
390 3030 495 3098 privato
522 3028 620 3078 vestitu
639 3027 713 3078 intus
732 3030 797 3080 tecti
819 3031 921 3094 simus,
941 3031 1088 3099 ignoretur.
1130 3032 1225 3083 Utrum

147 3100 231 3169 igitur
247 3099 299 3150 boc
315 3107 421 3168 pactum
446 3099 483 3150 sit
506 3096 636 3168 aliquod,
659 3098 775 3166 imperio
794 3096 938 3169 deponito,
966 3100 1134 3170 privatorum
1151 3115 1227 3156 mora

146 3170 271 3231 vivendi,
297 3177 327 3221 ut
352 3168 399 3220 ille
424 3172 574 3231 mentitur,
598 3184 644 3221 vos
667 3168 824 3221 iudicatote.
870 3169 900 3221 Si
923 3169 1004 3222 aliter
1022 3178 1072 3234 est,
1095 3186 1126 3222 ae
1150 3171 1224 3237 dico,

147 3241 306 3308 Synadenus
332 3238 378 3289 hic
400 3255 526 3307 praesens
550 3253 594 3289 me
617 3236 743 3301 refellat,
773 3238 847 3309 qnod
878 3254 934 3290 non
958 3242 1067 3308 poterit.
1111 3240 1154 3292 ad
1177 3256 1225 3295 eos

147 3313 244 3378 igitur,
269 3314 318 3382 qui
344 3308 485 3363 archontes
507 3318 655 3368 vocantur,
678 3309 787 3379 (melius
806 3309 942 3377 mancipia
968 3316 997 3363 et
1012 3310 1082 3361 serti
1098 3310 1225 3363 nomina·

150 3382 268 3451 rentur‚)
288 3391 316 3434 et
335 3380 371 3431 ad
389 3379 626 3449 mendaciloquum
644 3380 812 3451 praesectum
830 3379 968 3444 cubiculi,
987 3379 1022 3431 ad
1039 3381 1157 3444 illorum,
1176 3383 1224 3433 ia·

168 3467 236 3512 uam,
266 3448 444 3503 stoliditatem
471 3457 500 3501 et
527 3450 665 3503 inscitiam
690 3458 718 3502 et
744 3449 825 3501 buius
846 3451 1049 3518 perversitatem
1073 3467 1223 3522 coarguen-

146 3466 224 3581 dam,
241 3526 305 3573 ratis
324 3523 492 3574 dictumest
528 3520 706 3591 Sequitur,ut
724 3519 891 3588 patriarchae
913 3522 1108 3591 respondeam:
1141 3539 1222 3594 quem

149 3591 173 3641 ri
199 3590 352 3643 mendaeem
376 3609 406 3642 ac
430 3591 569 3662 periurum
592 3591 772 3660 caediumque
794 3597 822 3642 et
840 3593 916 3642 eliuai
942 3593 1079 3663 sanguinis
1099 3600 1128 3645 et
1144 3592 1221 3645 mille

143 3661 291 3723 malorum,
313 3680 381 3731 quae
409 3663 532 3714 infelices
555 3661 687 3713 Romanos
710 3658 815 3713 tamdiu
833 3662 1007 3730 opprimunt,
1035 3666 1161 3733 (quorum
1177 3678 1221 3714 rue

143 3737 257 3802 propter
275 3732 381 3799 imperii
400 3733 555 3802 cupidinem
572 3748 677 3782 eausam
696 3730 779 3783 fuisse
799 3730 829 3780 in
849 3732 946 3785 litteris
965 3736 1114 3801 autumat)
1143 3750 1221 3786 rcum

142 3804 311 3872 probavero,
329 3818 362 3851 ne
381 3804 492 3856 obeam
511 3800 700 3872 probationem
723 3803 956 3872 ignominiamque
974 3802 1008 3853 ad
1030 3819 1058 3854 se
1077 3821 1112 3855 en
1128 3803 1220 3856 verbis

143 3874 211 3924 meis
242 3869 436 3923 redundantem
463 3873 541 3936 mibi,
565 3872 612 3923 sed
640 3871 692 3932 illi,
711 3889 725 3921 a
744 3887 798 3939 quo
816 3871 870 3922 huc
890 3871 1021 3924 deductus
1039 3881 1097 3935 est,
1121 3874 1220 3926 irarea·

144 3950 196 3994 tur.
232 3943 280 3993 tit
299 3943 391 4012 igitur,
408 3960 449 3994 me
468 3946 619 3995 iuramento
638 3940 793 3993 Andronico
817 3944 974 4009 imperatori
992 3953 1132 4012 concepto,
1151 3945 1219 3996 deli-

144 4005 259 4064 cientem
287 4021 314 4062 et
342 4014 544 4066 memorabilem
570 4014 646 4065 illam
674 4012 833 4074 amicitiam,
862 4028 896 4064 ex
916 4029 979 4082 qua,
999 4015 1087 4084 quoad
1106 4015 1153 4064 ille
1171 4032 1219 4064 su·

142 4091 247 4151 perstes
274 4082 342 4146 suit,
362 4085 498 4152 complura
516 4093 543 4136 et
561 4083 707 4153 singularia
725 4081 798 4133 bona
817 4081 867 4133 rim
885 4082 1014 4153 adeptus,
1044 4084 1219 4146 dissuentem,

141 4158 207 4223 post
229 4152 333 4205 obitum
361 4156 438 4206 rrxuri
457 4162 485 4204 et
510 4154 604 4206 liberis
623 4154 682 4205 eius
701 4152 815 4216 insidius
832 4155 975 4222 paravisse.
1011 4155 1040 4206 Si
1059 4170 1101 4204 me
1119 4155 1219 4205 intem-

141 4222 290 4295 perantiae,
308 4229 443 4296 stnporis‚
468 4226 641 4290 timiditatis,
658 4233 707 4279 rut
722 4223 838 4277 alicuius
857 4239 966 4290 eorum,
993 4238 1063 4296 quae
1083 4232 1218 4293 tempora-
