2934 4700
220 271 298 375 nia
613 294 892 366 comicum

68 455 130 513 ΑΒ.
141 461 202 533 13⁴1
215 454 290 532 ζονα
310 449 367 535 τὴν
393 452 525 515 crantor
544 450 717 533 έξοχθοῖσι,
739 449 804 515 τότ’
822 442 884 536 ἤδη
906 448 979 537 περί
996 450 1059 517 τεόν
1074 456 1230 537 μγῶτιεν
1246 456 1288 541 ἦ·

214 560 279 631 μῖν,
300 549 338 614 οδ
360 546 435 633 napi
451 547 618 633 τοιούτων,
643 553 840 636 προκεισεται
859 557 1001 615 σκοπεῖν·
1032 547 1105 617 ὥστ’
1130 556 1165 632 ἐξ
1184 548 1290 641 ‹inpu-

213 653 313 734 τέραν
340 649 393 713 δεῖ
416 650 479 711 τοῖν
497 651 706 732 γεγενημένων
725 656 933 734 καταφρονεῖν
952 652 1008 713 καί
1024 648 1069 734 μή
1092 651 1136 728 ὥς
1151 658 1228 736 περί
1242 680 1290 720 τι-

213 772 276 813 νων
298 747 474 830 ἀναγκαίων
493 749 733 829 constrata&
774 748 887 823 ἐκεῖνος
905 750 965 828 μέν
980 745 1019 830 δη
1034 754 1167 814 τοιαῦτα
1182 750 1290 833 εῖπιόν,

213 848 388 910 κατέπαυσε
408 842 465 930 τὴν
483 844 636 929 ταραχὴν,
658 847 783 911 πάττων
802 844 981 928 εὐξαμένων
1001 850 1048 923 είς
1068 843 1206 932 όγαβόν,
1228 847 1313 916 δίο-ό

185 956 275 1028 ὓπερ
307 942 428 1028 εἴρηκεν
456 939 567 1023 αὐτός,
596 945 781 1025 ἀποβαίνειν
811 941 850 1010 τό
879 941 1028 1030 παρόντα,
1049 946 1104 1012 καί
1121 944 1169 1032 μὴ
1188 944 1293 1034 ὥσπερ

214 1047 250 1108 ἐκ
269 1047 333 1107 τοῖν
351 1045 572 1129 τραπομένων
595 1037 822 1125 ἀναγκάζονται
842 1042 1055 1125 στοχάζεσθαι
1068 1044 1167 1110 αὐτοί.
1209 1042 1294 1113 οὕτω

213 1146 272 1225 μὲν
299 1136 356 1206 οδν
384 1143 497 1207 ἐκεῖνοι
524 1142 759 1207 κατεστέλλοντο
779 1145 838 1206 τοῦ
857 1147 1077 1225 θορυβεῖσθαι.
1117 1149 1242 1226 βασιλὶς
1263 1149 1295 1210 δ’

214 1241 283 1305 ἐπεὶ
305 1237 409 1321 μόθον
434 1238 473 1303 τὰ
500 1236 575 1325 περὶ
598 1235 674 1314 τοός
694 1242 843 1325 πρέσβεις
862 1242 1068 1326 εἰργασμένα,
1098 1241 1176 1328 πρὸς
1196 1241 1294 1329 ὀργήν

214 1364 249 1403 τε
277 1341 413 1403 ἐποιεῖτο
443 1338 499 1402 καί
528 1338 669 1402 ἐκέλευεν
702 1334 875 1413 ἀποδόντας
900 1335 938 1403 τό
968 1340 1186 1423 διηρπασμένα
1206 1335 1339 1426 dyscolo

214 1435 295 1524 πρός
314 1433 422 1521 αότὴν.
465 1434 535 1501 ἐπεὶ
554 1439 589 1500 δὲ
610 1429 776 1521 ἤχθησαν,
796 1436 992 1522 πατριάρχου
1015 1462 1050 1501 τε
1069 1441 1123 1504 καί
1146 1441 1208 1505 τῶν
1228 1448 1296 1506 λοι-

213 1542 281 1603 πιόν
311 1539 523 1621 συγκλητικῶν
552 1532 733 1620 παρόντων,
762 1535 817 1602 ε’πδ
834 1540 890 1620 τῆς
908 1538 1071 1618 βασιλίδος
1088 1536 1163 1613 rode
1182 1541 1296 1623 λόγους

213 1642 270 1723 τῆς
295 1639 462 1722 πρεσβείας
489 1637 653 1700 ἐποιοῦντο
673 1637 728 1700 καί
749 1638 852 1710 οὐδεὶς
872 1638 919 1700 ἐπ’
939 1635 1044 1702 uideri
1063 1641 1126 1703 ssia
1146 1637 1296 1720 ιῖξιουμέ·

213 1761 276 1802 νων
304 1737 400 1818 ἐπῆγε
430 1736 573 1817 μέμψιν,
609 1736 678 1800 ἀλλ’
702 1735 835 1800 ἐδόκουν
860 1736 939 1799 πᾶσι
962 1735 1069 1802 δίκαια
1098 1736 1293 1823 πρεσβεύειν.

213 1833 335 1900 ἐδέοντό
344 1857 377 1899 τε
390 1832 447 1898 κατ’
454 1835 617 1916 βασιλίδος
627 1831 682 1898 καί
690 1831 888 1918 πατριάρχου
899 1832 928 1900 οἱ
940 1839 1141 1920 πρεσβευταί,
1157 1835 1202 1921 μή
1216 1834 1337 1918 μέλ-οὔ

212 1940 279 1999 aar
304 1933 380 2017 napi
396 1929 588 2017 πραγμάτων
606 1927 800 2017 ἀναγκαίων,
829 1931 909 1996 ἀλλὰ
928 1942 1059 2017 ταχεῖαν
1078 1935 1134 2019 την
1155 1933 1294 2021 διόρθω-

214 2057 268 2098 σιν
293 2036 466 2097 ποιεῖσθαι.
507 2027 527 2116 ἦ
548 2034 583 2097 δὲ
605 2025 644 2115 ἦν
664 2029 832 2117 γράμμασι
850 2029 904 2097 τόν
921 2034 1021 2115 μέγαν
1043 2034 1226 2115 δομέστικον
1246 2036 1294 2111 εἰς

183 2127 415 2217 Βδικαστὴριον
430 2135 545 2195 καλεῖν.
585 2129 737 2212 ἐτιμῶντό
758 2155 792 2195 τε
810 2127 949 2196 θάνατον
967 2127 1101 2214 ἑαυτοῖς,
1120 2135 1151 2198 εί
1167 2129 1211 2218 μη
1233 2159 1294 2198 πα-

64 2317 65 2322 ,
119 2232 327 2324 pampineae
347 2224 416 2310 ἅμα
435 2232 480 2316 τῷ
498 2224 539 2293 τό
558 2226 729 2312 γράμματα
750 2234 867 2313 λαβεῖν.
908 2228 937 2293 οἱ
956 2232 1015 2311 μὲν
1034 2224 1092 2295 οὖν
1112 2225 1201 2296 ἄλλοι
1214 2229 1295 2296 πόν-

212 2353 263 2406 τες
283 2324 420 2413 ἡσυχίαν
440 2319 525 2412 ἦγον.
565 2325 757 2405 Ἀπόκαυκος
778 2329 814 2393 δὲ
834 2331 952 2411 δείσας,
972 2325 1016 2414 μὴ
1039 2327 1196 2415 ἧβασιλές
1213 2325 1336 2413 πρὸςκο

213 2426 270 2514 τὴν
297 2428 426 2505 α’ξίωσιν
463 2426 507 2502 ὥς
538 2427 663 2490 δικαίαν
690 2426 869 2507 ἀπιδοῦσα,
903 2428 1135 2514 ἐπιψηφίσηται
1167 2425 1223 2512 την
1243 2429 1293 2491 δί-
1318 2419 1335 2432 ”

214 2550 288 2611 κην,
316 2525 372 2589 καί
389 2523 469 2610 πρός
489 2527 531 2612 τῷ
550 2525 649 2607 μηδὲν
669 2524 766 2601 αότός
786 2524 934 2605 ἦνυκέναι
951 2528 1015 2593 τοῖν
1034 2530 1293 2612 έσκαιωρημένων

214 2625 271 2690 καδ
300 2626 398 2709 αὐτῆς
428 2626 586 2710 σωτηρίοις
609 2624 825 2714 α’ποστερηθῇ,
847 2621 924 2709 ἔγνω
944 2627 1010 2693 δεῖν
1029 2625 1188 2710 έτιιμότητι
1209 2624 1293 2711 χρη-

286 2833 327 2870 ar.
347 2812 446 2867 ditatu
463 2811 489 2864 Ρ.
508 2825 537 2866 et
556 2812 613 2876 Μ.,
630 2810 746 2866 δικαίαν
762 2812 795 2865 V.

216 2960 347 3014 momenti
364 2959 443 3014 factis
460 2958 563 3011 habere
581 2955 697 3010 decebit
734 2958 800 3022 Sin,
816 2959 890 3030 qnod
912 2958 1003 3024 absit,
1026 2962 1057 3013 in
1074 2960 1222 3014 maioribus
1238 2962 1294 3015 im-

215 3030 297 3103 probi
324 3030 444 3093 fuerint,
469 3037 528 3082 tum
553 3044 610 3081 non
636 3028 670 3081 de
688 3029 794 3098 parvis,
810 3028 859 3082 sed
877 3030 910 3081 de
928 3031 1051 3084 morioris
1070 3028 1293 3086 consultabimns.

219 3104 393 3173 Quapropter
410 3111 467 3154 tum
485 3101 570 3163 hauc,
588 3106 646 3149 tum
666 3100 739 3151 illam
759 3099 795 3150 ob
813 3117 918 3151 causam
927 3138 937 3164 ,
955 3100 1111 3171 quaefacta
1132 3112 1211 3167 sunt,
1228 3121 1296 3156 eon·

219 3172 388 3236 temnenda,
405 3189 456 3223 nee
472 3179 613 3239 tamquam
629 3168 663 3220 de
681 3169 863 3240 singularibus
880 3172 1033 3223 molestiam
1059 3173 1216 3241 capiendam
1238 3175 1296 3231 aio.

220 3245 294 3295 Haec
309 3241 358 3295 ubi
377 3242 465 3303 (linit,
484 3241 632 3292 tumultum
648 3240 770 3302 sedavit,
789 3240 916 3291 omuibus
940 3242 1116 3309 optantibus,
1142 3252 1173 3296 ut
1198 3260 1295 3314 quem-

220 3312 367 3365 admodum
397 3311 519 3373 dixerat,
540 3327 583 3361 res
606 3309 677 3362 bene
704 3318 835 3367 verterat:
861 3329 932 3375 uon,
950 3320 981 3362 ut
998 3329 1032 3363 ex
1049 3314 1180 3364 anteactis
1198 3316 1294 3365 conie-

220 3392 293 3435 ctare
311 3384 364 3452 ipsi
382 3379 556 3450 cogebantur.
593 3380 803 3437 Tumultnautes
822 3382 860 3435 ita
880 3380 1054 3451 compescuit.
1072 3384 1242 3452 imperatrix,
1262 3389 1295 3435 ut

219 3454 336 3522 primum
352 3453 455 3522 legatos
474 3467 532 3503 esse
549 3450 662 3502 violatos
681 3450 793 3514 didicit,
812 3452 928 3522 graviter
945 3453 1012 3503 tulit
1036 3454 1170 3524 iussitque
1202 3462 1296 3522 rupto-

219 3540 262 3575 res
282 3523 369 3591 spolia
388 3521 501 3575 reddere
519 3527 547 3571 et
566 3519 602 3570 ad
625 3538 655 3571 se
673 3520 825 3589 deportare.
870 3523 938 3574 Tum
957 3523 1109 3592 patriarcha
1126 3522 1295 3594 reliquisque

220 3593 399 3661 optimatibus
418 3600 446 3643 et
466 3593 584 3660 Augusta
602 3608 691 3643 coram
708 3591 911 3661 praesentibus,
928 3593 1011 3662 legati
1028 3610 1077 3646 suo
1095 3611 1208 3648 munere
1228 3612 1297 3665 per·-

220 3664 306 3714 functi
325 3672 404 3725 sunt,
421 3664 543 3725 cunetis,
560 3678 629 3728 quae
647 3662 819 3728 petebantur,
839 3672 869 3714 ut
887 3680 973 3734 nequa
992 3663 1216 3732 approbantibus.
1240 3667 1296 3718 ilo-

221 3733 320 3801 gabant
344 3741 434 3785 autern
459 3732 533 3783 iilam
561 3738 589 3781 et
610 3730 789 3799 patriarcham
814 3733 915 3801 legati,
933 3750 968 3785 ne
986 3735 1015 3783 in
1034 3735 1114 3787 rebus
1131 3742 1185 3786 tum
1204 3735 1296 3805 magni

220 3805 351 3855 momenti
370 3811 475 3874 tempus
494 3802 661 3861 eximerent,
679 3801 726 3853 scd
746 3803 871 3857 celeriter
889 3803 1106 3858 emendationem
1123 3805 1297 3865 adhiberent.

222 3876 250 3926 si
268 3875 367 3927 litteris
385 3888 510 3944 magnum
529 3871 706 3924 domesticum
723 3873 758 3923 ad
776 3873 899 3925 tribunal
915 3874 1040 3937 citarent,
1059 3877 1113 3927 nisi
1130 3877 1297 3945 simulatque

221 3961 265 3997 eas
284 3946 446 4013 accepisset,
465 3943 622 4005 advolaret,
638 3958 684 4007 se,
707 3944 775 4025 quin
796 3946 885 4017 capite
902 3947 1081 4011 punirentur,
1103 3964 1159 3999 non
1187 3961 1296 3996 recusa-

219 4026 295 4069 turos
313 4014 431 4081 aiebant.
466 4015 519 4068 llic
536 4030 629 4065 omnes
650 4020 850 4067 conticuerunt.
890 4014 1066 4083 Apocauchus
1088 4023 1178 4067 tamen
1200 4014 1296 4066 sulici-

219 4095 281 4148 tus,
298 4102 332 4137 nc
350 4086 508 4155 imperatrix
547 4083 690 4137 etitionem
708 4091 741 4135 nt
757 4100 870 4154 aequam
895 4086 1061 4154 respiciens,
1086 4085 1216 4137 iudicium
1241 4085 1292 4137 de-

220 4165 358 4214 cerneret.
387 4164 417 4209 et
440 4171 501 4205 cunr
527 4102 593 4217 δότε,
620 4153 696 4235 quod
722 4155 897 4207 consiliorum
923 4171 1033 4206 suorum
1056 4156 1186 4224 pravitate
1209 4155 1294 4207 ,nibil

224 4229 414 4295 nonovisset,
430 4226 492 4299 ipre
509 4225 593 4276 etiarn
610 4233 664 4278 rita
681 4225 860 4290 multaretur,
883 4226 1037 4279 temeritate
1063 4235 1092 4280 et
1113 4224 1296 4297 impudentia,
