2934 4700
473 286 759 361 ιιιειοιιιλιιυιι
786 297 841 360 ιιι.
873 298 926 365 ει.
1139 267 1222 352 205

141 456 176 531 ἔ
203 444 277 518 ὅτου
309 451 346 516 δὲ
366 441 461 514 ἄδικα
481 448 536 514 καί
551 447 720 535 παράνομα
740 445 884 535 διενοήθη
906 449 960 514 καί
977 448 1035 513 τοῦ
1049 448 1148 515 πολλά
1168 457 1369 530 mutastis

143 549 310 638 φιληκάτος
335 552 492 630 βασιλέως
522 554 651 614 κτείνειν
680 543 807 635 άρμηιο
835 545 911 622 τούς
940 548 1057 625 παῖδας
1087 552 1142 613 καί
1166 547 1224 633 τήν

139 654 307 732 Ῥωμαίων
334 649 500 731 βασιλείαν
513 642 620 738 ’ἑαυτῷ
639 655 831 734 περιποιεῖν,
852 646 1044 731 μισήσαντες
1065 645 1122 733 τήν
1141 645 1225 731 γνά-

143 776 205 835 μην
237 750 281 826 άς
301 747 516 832 α’πάνθρωπον
540 753 595 812 καί
612 746 770 834 πονηράν,
800 744 937 830 πόλεμόν
955 769 991 811 τε
1010 745 1089 831 πρὸς
1109 749 1225 815 ἐκεῖνον

123 848 293 936 δήράμεθα
321 850 469 934 φανεράς
487 846 569 932 ὑπὲρ
590 847 682 930 ὑμῶν
698 851 754 913 καί
772 848 813 914 τά
832 849 966 931 μδγιστα
986 843 1085 912 ateis
1102 850 1157 912 καί
1175 852 1227 932 γέ-

143 972 197 1025 νος
216 952 275 1015 καί
296 948 431 1023 οἰκείους
458 942 669 1029 ἐνενοήσαμεν.
720 950 777 1012 καί
788 949 844 1012 νῦν
861 948 907 1022 εἰς
919 949 1063 1010 τοσοῦτον
1080 945 1227 1028 ὁμονοίας

141 1043 278 1133 ἥκομεν,
299 1044 343 1121 άς
363 1044 400 1110 οὔ
419 1044 572 1129 χρήματα
590 1044 698 1128 μόνον,
722 1043 802 1111 άλλά
822 1043 877 1110 ναὶ
897 1041 1008 1129 ψυχάς
1028 1043 1126 1121 adroic
1145 1043 1249 1131 ἤθε’-0

144 1172 190 1223 ως
216 1142 428 1231 προησόμενοι
453 1147 660 1227 πολεμοῦντες
689 1149 776 1233 osleni
796 1141 875 1230 άπδρ
896 1144 1000 1226 ὑμῶν.
1041 1138 1092 1209 ὅτε
1113 1138 1171 1209 οὖν
1189 1141 1229 1229 ἧ-

144 1256 216 1328 μεῖς
234 1236 525 1329 τοσαάτηνεάνοιαν
543 1248 598 1311 καί
616 1248 798 1331 προθυμίαν
817 1241 894 1331 πρὸς
906 1244 992 1326 ὑμᾶς
1003 1246 1229 1325 ἐνεδειξάμεθα

108 1342 223 1424 ιοτοάς
240 1348 397 1427 βασιλέως,
416 1347 480 1409 τοῖν
502 1339 701 1411 άδικωτάτων
730 1338 780 1410 άν»
793 1342 854 1430 εἴη,
877 1348 1109 1411 καταλιποῦσαν
1128 1346 1229 1429 αιίτήν

146 1444 235 1529 ἡμᾶς
262 1446 317 1507 καί
340 1448 414 1528 παρ’
442 1437 536 1510 οὐδὲν
556 1442 615 1529 τήν
646 1444 802 1531 ἡμετέραν
828 1443 1035 1529 λογισαμίνην
1054 1447 1226 1530 σωτηρίαν,

157 1546 349 1609 σπένδεσθαι
367 1545 412 1631 τῷ
433 1542 654 1634 πολεμιωτάτῳ
676 1547 733 1628 τῆς
764 1546 848 1619 ἰδίας
866 1541 1020 1630 ω’φελεάις
1039 1546 1146 1626 ἓνεκα,
1166 1540 1230 1626 εἴγε

150 1647 208 1709 καί
224 1641 360 1729 αἰφίλειά
379 1668 428 1719 τις
446 1646 559 1725 ἕψεται
579 1646 614 1707 ds
633 1646 688 1728 τῆς
707 1642 850 1729 εἰρήνης,
872 1640 954 1707 ἀλλά
973 1639 1019 1728 μή
1042 1640 1145 1726 βλάβη
1166 1643 1230 1707 δεο-

149 1745 260 1828 νοτὲρα
277 1745 313 1808 ἐκ
332 1746 471 1809 suissed
489 1743 627 1826 πολέμου
647 1745 859 1828 γενησομένων
880 1740 1021 1807 άπασάν.
1061 1734 1084 1805 ά
1094 1738 1154 1826 γάρ
1169 1743 1230 1805 αἰ-

110 1840 186 1927 stu}
202 1841 279 1925 περί
296 1845 353 1927 τῆς
366 1840 444 1928 πρὸς
461 1844 579 1909 ἐκεῖνον
597 1839 720 1929 εἰρήνης
738 1845 794 1928 τῆς
813 1835 1033 1926 παρελθούσης
1052 1841 1230 1927 διειλέχθης

143 1942 270 2025 νυκτός,
298 1943 367 2007 οὐδ’
398 1942 484 2027 ήμάς
513 1945 661 2008 διέλαθεν
690 1945 745 2008 ε’πί
771 1946 893 2008 πολλῶν
924 1941 1074 2027 εἰρημένα
1107 1940 1229 2016 άκοαῑς.

144 2046 262 2110 ἐκεῖνον
281 2044 341 2124 μὲν
361 2035 417 2107 οιίν
433 2043 535 2128 ἡμεῖς,
556 2040 599 2119 ὥς
620 2042 696 2108 κατά
720 2047 781 2107 σοῦ
802 2043 857 2107 καί
875 2045 938 2106 τῶν
957 2042 1081 2105 παίδων
1101 2038 1142 2105 τά
1164 2041 1229 2104 δει-

145 2145 262 2208 νότατα
282 2141 339 2206 καί
357 2142 580 2224 διανοούμενον
597 2141 651 2206 καί
668 2134 732 2226 ἤδη
749 2140 934 2225 πράττοντα,
954 2133 1060 2224 οἵσπερ
1077 2134 1141 2203 dno
1153 2141 1231 2220 μιάς

144 2240 271 2326 γνώμης
294 2239 439 2320 πολέμιόν
457 2266 490 2307 τε
512 2238 698 2326 ἡγησάμεθα
719 2244 774 2306 καί
793 2238 938 2319 οἰδενὸς,
963 2236 1046 2321 τάγε
1072 2239 1118 2313 εἰς
1144 2236 1260 2320 ἡμᾶςῠ

109 2333 244 2427 Ωῡήκον,
278 2339 482 2426 η’μελήσαμεν
501 2344 563 2407 τῶν
580 2336 730 2424 βλάπτειν
751 2339 943 2421 δυναμένων.
983 2339 1014 2403 εἰ
1033 2341 1062 2402 δ’
1082 2333 1117 2401 ἔκ
1136 2361 1230 2401 τινων

145 2446 257 2509 αἰτιῶν
289 2438 311 2526 ἦ
342 2440 447 2527 εἰρήνη
474 2443 593 2523 μᾶλλον
620 2445 831 2527 συμφέρουσα
861 2436 1021 2520 νομίζεται
1040 2434 1130 2518 rosi,
1161 2427 1233 2499 οὔδ’

54 2566 57 2575 ·
144 2543 236 2629 ἡμεῖς
267 2537 519 2622 ἐναντιωσόμεθα
544 2539 625 2628 πρὸς
644 2539 684 2606 τά
707 2540 882 2628 φαινόμενα
911 2542 1101 2619 λυσιτελεῖν,
1133 2535 1230 2618 μόνον

222 2734 433 2805 &sopiamur
449 2735 485 2788 bb
505 2752 554 2807 pro
574 2737 754 2808 μισήσαντες.

146 2943 205 2980 non
224 2926 311 2980 dicum
335 2928 435 2982 ferrum
461 2929 491 2980 iu
515 2928 593 2980 illum
614 2929 767 2999 corripere,
792 2928 842 2982 sed
859 2943 911 2982 nec
930 2929 1013 2983 verbo
1035 2927 1061 2980 ei
1083 2946 1232 3000 repugnare

145 2999 287 3052 sustinuit
323 2999 362 3051 lix
381 3017 435 3070 quo
460 3006 549 3051 autem
575 3007 693 3051 mentem
710 3000 841 3051 iniustam
859 3007 887 3052 et
912 2999 1019 3067 legibus
1044 3000 1233 3054 adversantem

145 3068 257 3131 induit,
276 3078 305 3122 et
324 3070 367 3121 eui
386 3070 539 3122 carissimus
562 3070 629 3128 suit,
655 3071 714 3122 eius
739 3067 840 3123 liberos
867 3070 1002 3121 trucidare
1028 3071 1232 3142 Romanumque

145 3140 293 3210 imperium
317 3140 371 3191 sibi
388 3156 507 3193 asserere
526 3140 662 3203 decrevit,
681 3155 731 3191 nos
753 3140 824 3191 hanc
842 3140 900 3190 eius
917 3139 1086 3193 voluntatem
1103 3141 1232 3193 inhuma-

145 3227 209 3263 nam
233 3212 447 3282 sceleratamque
465 3220 622 3273 censentes,
648 3218 676 3261 et
694 3210 798 3262 bellum
816 3209 842 3260 ei
860 3218 948 3263 vestra
973 3226 1050 3263 eausa
1074 3212 1233 3276 intulimus,

145 3290 254 3334 etcum
277 3286 384 3350 ipsum,
410 3289 469 3335 tom
493 3297 577 3350 genus
603 3282 663 3334 eius
690 3296 722 3333 ec
747 3281 893 3333 familiares
917 3284 1027 3333 summis
1052 3282 1232 3336 incommodis

146 3353 295 3404 olfecimus.
332 3352 366 3404 Et
383 3368 456 3403 nunc
477 3359 553 3404 tenta
577 3359 619 3403 est
644 3352 795 3402 animorum
819 3361 973 3404 nostrorum
992 3353 1171 3422 conspiratio,
1201 3361 1233 3407 ut

145 3439 202 3475 non
220 3423 350 3491 pecunius
372 3421 468 3487 modo,
494 3422 542 3474 sed
566 3422 650 3475 vitam
674 3439 784 3493 quoque
812 3423 898 3490 ipsam
923 3439 972 3492 pro
1000 3424 1080 3475 robis
1098 3430 1128 3476 in
1151 3425 1233 3477 illum

144 3491 277 3545 bellando
306 3493 445 3561 cupiamus
475 3492 627 3563 prodigere.
672 3494 769 3562 ltaque
797 3507 858 3543 curn
884 3508 971 3562 usque
997 3495 1067 3547 adeo
1091 3492 1233 3564 promptos¹

143 3577 352 3646 proponensque
376 3563 406 3615 in
427 3571 515 3616 vestra
534 3580 614 3615 causa
633 3580 682 3615 uos
701 3563 894 3628 exhibeamus,
918 3564 1119 3636 iniquissimum
1140 3565 1234 3629 luerit,

144 3633 168 3683 si
184 3641 227 3695 tu,
245 3632 326 3685 nobrs
339 3631 452 3686 desertis
472 3642 501 3686 et
516 3634 605 3687 solute
623 3642 714 3686 nostra
727 3635 866 3703 despecta,
882 3637 1017 3703 privatum
1035 3645 1137 3690 sectere
1155 3652 1232 3689 eom·

142 3703 278 3772 pendium
297 3710 404 3756 etcum
428 3703 509 3757 hoste
527 3704 637 3775 capitali
658 3704 755 3757 foedus
774 3705 925 3774 percuties:
950 3708 974 3759 si
993 3715 1084 3761 ιεωοτι
1101 3724 1233 3776 οσιιιρειι·

143 3773 240 3837 dium,
257 3781 288 3826 et
306 3790 362 3825 non
379 3774 521 3836 omnibus,
549 3791 620 3847 quse
639 3790 655 3825 e
672 3775 748 3827 bello
766 3775 914 3839 emittent,
932 3778 1039 3845 gravius
1058 3777 1233 3848 dispendium

142 3859 241 3913 pacem
268 3846 350 3896 istum
371 3843 554 3897 comitabitur.
590 3844 669 3914 Quae
688 3843 761 3898 en'im
787 3845 821 3898 de
847 3861 914 3914 pace
943 3864 1004 3899 cum
1027 3850 1088 3918 ipso
1110 3848 1233 3900 ineunda

143 3915 240 3967 moltis
258 3913 437 3970 audientibus
457 3915 627 3979 disseruisti,
651 3931 703 3969 nec
719 3932 770 3968 nos
790 3917 886 3974 latent.
921 3917 1015 3987 Quare
1031 3936 1082 3971 nos
1110 3936 1171 3971 eum
1200 3925 1234 3972 ut

145 3986 176 4036 irs
193 3991 222 4037 te
243 4000 276 4035 ae
295 3985 366 4038 lilios
383 3995 445 4038 tuos
463 3987 602 4040 teterrima
620 3988 818 4056 parturientem
837 3993 865 4037 et
882 3985 937 4038 iam
958 3988 1159 4059 designantem,
1180 4005 1233 4040 un-

147 4057 231 4107 animi
251 4071 383 4108 oonsensn
402 4066 431 4110 et
447 4056 554 4110 hostem
571 4057 755 4111 decernimus:
776 4066 805 4110 et
820 4066 954 4125 quantum
972 4060 1002 4111 irs
1018 4060 1099 4112 nobis
1117 4066 1166 4121 est,
1184 4059 1230 4109 ni-

147 4122 208 4190 ΙιιῚ,
229 4126 305 4196 quod
324 4124 433 4181 laedere
449 4129 552 4197 possit,
581 4126 617 4178 ab
636 4145 668 4181 eo
690 4127 895 4180 abstinebimus.
931 4128 1039 4198 Quodsi
1067 4127 1232 4200 quibusdam

149 4197 314 4264 argumentis
333 4213 385 4267 pax
405 4199 436 4250 in
455 4213 583 4266 praesens
604 4198 713 4250 videtur
737 4197 887 4250 conducere
913 4195 1016 4269 magis,
1035 4216 1087 4252 nec
1104 4214 1154 4253 nos
1178 4196 1232 4249 sd·

148 4264 325 4333 versabimur,
345 4270 369 4321 si
389 4275 496 4325 uotum
512 4271 651 4325 communi
668 4270 791 4324 omnium
808 4263 1055 4324 nostrum'iudieio
1073 4277 1102 4323 ct
1118 4275 1234 4327 senten-
