2934 4700
394 345 396 350 ·
490 338 775 407 nrsroarmua
795 338 858 401 m.
878 343 932 413 53.
1052 303 1057 314 '
1157 304 1243 417 309

158 499 322 583 τίρημένον
340 498 416 579 περι·
433 499 547 581 Δημᾶ,
570 493 624 560 καὶ
642 492 717 578 περί
734 495 795 557 σού
814 492 914 558 εἰπεῖν
933 490 1024 572 νοντ’,
1043 478 1103 569 ln,
1123 481 1275 550 Mane-a
1282 482 1389 552 (δῆλ’

161 620 226 683 ριος
245 596 331 679 ἡμᾶς
351 597 566 678 ἐγκατέλιπεν,
593 593 759 679 α’μαπήσας
788 591 845 659 τὸν
863 595 922 659 νύν
941 590 1061 669 αέύνα,
1088 585 1144 651 καί
1170 584 1244 648 ε’πο-

160 696 259 780 ρεύθη
286 696 332 770 εἷς
361 696 606 778 Θεσσαλονίκην.
649 691 786 777 ἃέχρῆν
805 693 1021 778 μεμνημένον,
1047 684 1103 750 κατ’
1122 678 1165 759 ὥς
1185 684 1243 748 νύν

160 792 353 879 ἀνοσιώτερα
385 791 442 857 καί
468 792 646 877 ἀδικώτερα
672 793 777 881 πολλῷ
802 793 939 880 τολμᾷς,
979 784 1035 854 τὸν
1061 782 1155 849 aiter
1181 780 1336 864 salmas>

142 888 330 976 ὄῆδικηκέτα
359 887 543 981 αύτοχειρίηι
570 888 743 973 μονονουχὶ
763 888 955 977 πειρώμενος
974 879 1138 974 φονεύειν,
1149 878 1246 965 χάριν

156 983 252 1068 (ἰξίαν
271 993 306 1056 έν
325 988 429 1080 ταύτην
448 992 695 1074 κατατιθέμενος
715 997 783 1065 τοῖς
804 987 862 1076 τὴν
882 982 1124 1072 ἀρχιερωσύνην
1143 981 1245 1063 ἐγχει-

157 1090 303 1173 ρίσασα,
325 1089 458 1176 αἵμασιν
479 1083 600 1167 ύδίκοις
618 1077 764 1172 μολύνων
781 1089 839 1165 τοὶς
859 1096 988 1173 χεῖρας,
1020 1079 1065 1166 μὴ
1087 1083 1166 1163 έμοῦ
1187 1101 1245 1142 κα·

156 1191 400 1275 ταφηφίζεσθαι
421 1182 547 1254 ύδικίαν
565 1192 620 1255 καὶ
638 1184 861 1273 ἀγνωμοσύνην
880 1190 955 1274 περὶ
971 1184 1124 1273 βασιλέα,
1154 1179 1245 1246 οὐδέν

158 1279 235 1353 osias
265 1286 439 1372 πρότερον,
469 1280 539 1352 ούτι
570 1290 670 1372 μέχρι
700 1292 758 1353 νῦν
795 1287 921 1367 α’νέξιον
955 1291 1011 1372 τῆς
1039 1288 1085 1359 είς
1127 1284 1245 1347 ἐκεῖνον

120 1389 271 1473 ιοφιλίας
305 1388 518 1470 εἰργασμένου.
555 1392 635 1471 ,περὶ
670 1390 729 1470 μὲν
769 1380 827 1453 ola
853 1389 911 1472 τῆς
948 1391 992 1462 εἰς
1026 1384 1159 1466 βασιλέα
1189 1376 1247 1443 καί

159 1482 241 1560 ῖθῦς
260 1487 378 1560 παῖδας
396 1488 476 1566 illoti
495 1482 736 1571 εὕγνωμοσύνης
767 1483 856 1569 λόγον
884 1487 997 1550 οέδένα
1017 1481 1097 1568 πρὸς
1117 1482 1153 1546 σὲ
1173 1500 1244 1543 ποι-

160 1577 281 1665 ήσομαι
298 1587 375 1667 rori,
395 1583 545 1662 καθάπαξ
563 1582 623 1661 τοὶς
641 1588 762 1671 φρένας
782 1584 978 1672 διεφθορότα
999 1587 1055 1648 καί
1076 1574 1171 1645 ύδικα
1189 1571 1246 1640 καί

162 1682 328 1769 παράνομα
356 1683 413 1750 καί
437 1686 564 1768 λέγοντα
596 1687 651 1750 καί
683 1682 908 1766 διανοούμενον
939 1683 1014 1768 περὶ
1043 1685 1123 1764 έμού
1133 1728 1143 1763 ,
1173 1676 1243 1744 ἀλλ’

158 1780 308 1865 ὕστερον,
328 1782 421 1868 ἡνίκα
442 1777 483 1848 <lv
500 1782 594 1870 ἐθέλῃ
614 1781 699 1859 θεός.
743 1787 818 1869 περὶ
838 1785 874 1850 δέ
894 1774 939 1848 ὧν
959 1781 1103 1869 εἴρηκας,
1131 1781 1175 1857 ὥς
1196 1784 1249 1856 δεῖ
1364 1859 1369 1872 ¹

121 1883 322 1965 ιςβασιλίδος
342 1879 734 1967 ἱκέτην-καίπατριύρχοο
753 1885 913 1966 γενέσθαι,
937 1881 981 1957 ὥς
994 1877 1034 1947 ἂν
1054 1881 1267 1967 συγγνώμηνῐι

154 1978 394 2065 παρασχόμενοι
422 1978 571 2064 πρόνοιάν
600 2004 674 2045 τινα
706 1978 899 2065 ποιήσωνται
936 1984 1012 2066 πρίν
1045 1976 1243 2047 παντάπασιν

156 2081 349 2164 ἀπολέσθαι,
364 2081 463 2145 έκεῖνο
477 2076 625 2164 εύκαιρον
638 2083 746 2162 εἰπεῖν,
766 2074 822 2162 ὅτι,
839 2077 885 2164 μή
900 2085 1023 2144 κλαίετε
1045 2081 1166 2160 ἐπ’έμὲ,
1181 2084 1244 2143 θν-

155 2180 283 2264 γατέρες
296 2176 515 2263 Ἱεροοσαλὴμ,
538 2175 790 2263 οἶλλέ’φ’ἑαοτύς
804 2181 858 2243 καί
874 2178 929 2243 lul
940 2179 979 2244 τύ
1006 2183 1099 2245 τέκνα
1120 2178 1242 2260 aazia?

67 2321 69 2324 -
155 2277 237 2365 πρὸς
255 2280 316 2359 μὲν
347 2273 406 2342 σύν
431 2282 549 2351 ἐκεῖνον
578 2276 595 2340 δ
616 2275 767 2359 βασιλεύς
792 2281 927 2343 τοιαῦτα
948 2279 1145 2367 α’πεκρίνατο.

115 2409 155 2451 20
237 2378 294 2460 κγ’.
338 2360 415 2442 Ὑπύ
452 2378 488 2441 δὲ
517 2376 593 2451 τούς
623 2374 741 2452 αύτούς
760 2373 897 2461 χρόνους
933 2381 988 2443 καὶ
1006 2381 1041 2445 έιι
1068 2379 1271 2453 (sataliam

155 2467 231 2560 ἧκον
249 2480 411 2561 πρέσβεις,
432 2477 597 2551 καλοῦντες
615 2477 749 2557 βασιλέα
769 2478 826 2540 καί
844 2474 987 2559 δεόμενοι
1007 2469 1119 2563 ύρχειν
1138 2481 1239 2563 σφῶν.

157 2574 214 2639 καί
231 2572 381 2659 πρότερόν
400 2598 434 2638 τε
454 2574 516 2660 γὰρ
539 2574 659 2655 ἕτοιμοι
679 2569 760 2659 ἦσαν
778 2573 950 2641 ύιιακούειν
970 2580 1026 2641 καὶ
1052 2573 1093 2641 τύ
1118 2577 1238 2641 έκείνοο

157 2678 276 2756 μᾶλλον
300 2674 442 2762 ’ᾑροῦντο
449 2724 460 2755 ,
488 2670 510 2759 ἢ
536 2677 720 2756 βασιλίδος,
763 2676 819 2739 καὶ
845 2673 916 2741 τότε
941 2678 977 2742 δέ
1011 2672 1239 2761 ὄμονοὴοαντες

123 2912 131 2933 ,
156 2873 212 2926 tlbi
230 2883 342 2944 possunt
360 2877 501 2928 occinere:
519 2874 653 2926 Macarius
671 2891 721 2928 nos
743 2876 873 2947 reliquit,
891 2877 1007 2947 diligens
1020 2878 1074 2930 hoe
1087 2878 1237 2944 saeeulum,

157 2955 187 2997 et
204 2945 339 3013 prolectas
357 2954 398 2998 est
417 2946 644 3001 Thessalonicam.
686 2946 809 3015 Quorum
834 2955 860 2999 te
884 2964 1031 3001 memorem
1050 2964 1109 3001 esse
1127 2956 1238 3016 oporte-

154 3015 221 3076 bat,
240 3024 267 3066 et
285 3014 380 3067 horum
397 3017 488 3079 simul,
502 3033 572 3087 quae
593 3031 664 3066 asine
683 3017 855 3068 sceleratiora
867 3018 1004 3089 magisque
1022 3019 1105 3087 impia
1124 3035 1178 3069 nou
1192 3032 1237 3067 re-

156 3085 304 3138 cormidas:
336 3086 401 3136 clam
428 3103 489 3149 me,
516 3089 563 3155 qui
592 3087 658 3136 laesi
682 3089 838 3150 nemiuem,
864 3096 969 3140 tantum
995 3104 1050 3139 noa
1078 3103 1128 3156 per
1154 3094 1239 3139 temet

164 3158 268 3208 ionaris
295 3156 418 3208 occidere
442 3157 548 3226 (dignas
573 3155 702 3207 videlicet
731 3158 782 3209 lsto
816 3157 896 3208 modo
927 3157 1024 3225 gratias
1050 3161 1169 3211 relereas
1192 3159 1237 3219 iis,

155 3227 204 3299 qui
223 3226 410 3295 episcopatum
428 3226 480 3276 tihi
499 3225 740 3296 mandaverunt)et
757 3226 861 3279 nefarie
873 3232 968 3280 ,effuso
987 3228 1116 3297 sanguine
1141 3243 1236 3279 manus

154 3305 215 3348 tuas
233 3298 383 3348 scelerare:
403 3296 440 3346 ita
461 3314 503 3348 me
523 3296 643 3365 ingratae
662 3303 690 3346 et
709 3297 850 3367 improbae
876 3297 905 3348 in
924 3300 1114 3366 imperatorem
1138 3299 1236 3349 volua-

152 3370 219 3419 tatis
245 3383 301 3418 non
331 3383 502 3429 accusasses,
538 3368 585 3436 qui
611 3365 686 3417 nihil
716 3384 835 3438 unquam
860 3367 919 3419 elus
946 3368 1066 3420 amicitia
1094 3367 1237 3435 iudignum

152 3436 317 3508 perpetravi,
353 3438 393 3488 De
420 3455 481 3488 mea
506 3439 588 3504 igitur
609 3436 637 3486 in
663 3436 741 3488 illum
760 3445 788 3490 οι
806 3437 908 3490 liberos
929 3439 988 3490 eius
1009 3438 1111 3506 pietate
1128 3439 1236 3491 nullum

154 3524 228 3560 nuuc
247 3515 336 3558 tecum
354 3507 438 3558 semel
457 3507 604 3575 depravato
621 3522 653 3557 ac
671 3506 705 3559 ale
723 3524 766 3560 me
788 3510 905 3576 pessime
923 3509 1094 3561 existimante
1118 3509 1235 3577 loquen-

155 3587 239 3647 teque
270 3575 383 3629 verbum
408 3577 593 3629 commutabo:
622 3576 670 3629 sed
688 3594 750 3629 cum
776 3580 850 3630 Deos
878 3579 1006 3636 voluerit.
1041 3577 1124 3645 Quod
1143 3588 1236 3631 autem

153 3648 275 3700 iniecisti
301 3647 333 3715 iav
361 3665 501 3710 sermone,
526 3656 650 3719 oportere
674 3664 716 3699 me
750 3648 914 3717 imperatrici
933 3666 964 3702 ac
982 3647 1151 3718 patriarchae
1169 3666 1235 3718 sup-

152 3719 267 3787 plicare,
286 3724 325 3779 ut,
345 3716 407 3768 dala
425 3719 605 3776 venia,salati
625 3732 701 3770 meae
718 3728 887 3790 prospectum
905 3720 1001 3781 velint,
1022 3719 1092 3771 illud
1110 3720 1234 3787 apposite

152 3787 348 3857 responderim.
376 3789 462 3841 Filiae
480 3789 658 3848 Hierusalem,
686 3789 774 3841 nolite
799 3790 864 3841 llere
888 3805 971 3857 super
994 3805 1052 3843 me:
1082 3789 1130 3842 secl
1153 3805 1235 3858 super

150 3877 199 3912 sos
223 3859 296 3926 ipsas
326 3857 388 3910 flete
415 3867 443 3910 et
466 3875 547 3928 super
574 3859 644 3910 lilios
668 3869 778 3910 vestros.
823 3861 896 3911 llaec
920 3859 954 3911 ad
976 3860 1124 3912 Maearlum
1145 3875 1234 3912 eoram

150 3929 188 3980 im
210 3938 308 3986 erator.

189 3948 266 4057 p53.
302 3997 359 4049 Sub
378 3997 451 4048 irlem
470 4006 576 4068 tempus
600 3998 683 4050 etiam
704 4015 719 4049 e
738 3996 878 4050 Thessalia
897 3997 980 4068 legati
999 4014 1059 4052 eum
1078 3999 1113 4052 ad
1131 4014 1160 4052 se
1183 4012 1233 4052 νο-

139 4078 216 4122 ·cant
232 4078 261 4120 et
281 4077 378 4132 orant,
407 4077 437 4120 ut
455 4070 509 4120 sibi
535 4070 651 4138 praesit:
676 4085 739 4118 nam
766 4077 793 4119 et
820 4077 899 4121 antea
926 4070 985 4121 cius
1013 4071 1124 4138 potius,
1150 4083 1233 4138 quam

151 4141 288 4207 Aasgustae
306 4149 397 4208 partes
415 4141 550 4208 amplexi,
579 4134 727 4209 principem
746 4155 824 4189 suum
844 4155 902 4191 esse
926 4139 1089 4210 cupiebant,
1117 4145 1145 4190 et
1167 4144 1233 4188 lune

153 4208 324 4261 concorditer
342 4210 498 4273 mittentes,
518 4209 551 4262 ad
587 4209 752 4262 tabernacula
773 4209 897 4261 eunrclcm
916 4210 1076 4262 invitabant.
1112 4209 1232 4277 Impera·

153 4284 197 4331 tor
215 4297 275 4333 eoas
293 4299 342 4353 pro
362 4282 447 4333 veteri
467 4229 676 4344 heaesoieotia,
698 4287 756 4332 sum
775 4279 851 4348 quod
868 4295 941 4335 uuae
961 4281 1033 4332 ultro
1051 4281 1077 4331 ei
1096 4295 1125 4332 se
1142 4276 1232 4333 subli-
