2934 4700
217 760 498 916 [mutuor
532 827 644 914 ror
669 826 1245 916 eruereouzuuou

457 1004 680 1073 ΙΣΤΟΡΙΩΝ
697 1005 900 1071 ΒΙΒΛΙΟΝ
928 1006 968 1070 Γ.

290 1204 597 1304 IOANNIS
628 1205 1135 1306 CANTACUZENI

432 1387 749 1452 ‘HlSTORlARUM
771 1389 893 1452 LIBER
921 1391 979 1453 111.

555 1791 869 1851 suntoculi.

243 1964 296 2018 llic
311 1962 384 2017 liber
399 1963 521 2016 caeteris
536 1963 622 2017 multo
639 1966 750 2026 maior,
777 1981 838 2017 cum
856 1963 984 2036 proxima
1003 1963 1145 2033 superiore
1158 1970 1262 2015 conne-

167 2034 263 2088 ctitur.
302 2035 410 2086 Causae
429 2031 604 2098 indicantur,
624 2052 675 2087 cur
692 2033 851 2099 narranda,
870 2053 942 2105 quae
952 2034 1080 2103 deinceps
1089 2045 1261 2103 sequuntur.-

168 2107 278 2158 ueritas
294 2104 473 2173 promittitur.
509 2106 611 2174 Magni
628 2101 771 2160 domestici
796 2109 827 2157 in
848 2107 959 2176 palatio
984 2101 1165 2157 custodiendo
1191 2099 1261 2161 dili·

167 2193 238 2244 geus
253 2176 396 2245 provisio.-
421 2192 440 2226 a
463 2190 519 2245 quo
537 2187 563 2227 et
580 2173 688 2235 urbium
704 2178 972 2246 provinciarumque
989 2192 1057 2244 prae
1060 2173 1132 2241 secti
1149 2190 1263 2223 monen-

167 2257 233 2307 tur,
257 2242 380 2317 nequid
399 2246 470 2297 novi
488 2245 637 2314 incipiant.
674 2248 854 2315 Imperatoris
872 2245 1030 2297 Andronici
1048 2243 1199 2311 magnifica
1218 2258 1262 2292 se·

166 2318 285 2385 pultura
310 2331 346 2367 ae
369 2331 450 2368 sacra
468 2316 620 2396 fisneralia
639 2313 714 2384 (Cap.
745 2316 779 2384 ι).
822 2313 1006 2369 Patriarebae
1025 2313 1146 2365 ambitio.
1183 2318 1262 2364 Ana·

166 2385 396 2439 tlsematismusin
414 2403 475 2447 eos,
495 2402 544 2457 qut
566 2397 674 2439 mortuo
694 2388 864 2457 Imperatore
885 2384 1007 2457 desiliit
1024 2386 1083 2436 eius
1105 2385 1176 2434 male
1202 2399 1260 2433 me·

167 2458 287 2509 ruerint.
323 2456 423 2509 lterum
445 2453 479 2507 de
498 2456 650 2509 ambitione
666 2456 855 2525 patriarchae.
890 2458 932 2510 De
952 2455 1077 2506 Sismano
1096 2454 1176 2506 esule
1194 2448 1260 2504 red-

167 2524 262 2578 dendo
288 2526 474 2580 consultatio:
511 2525 628 2578 Cbumui
644 2528 675 2578 in
692 2525 867 2580 domesticum
887 2526 1080 2579 contumeliae.
1115 2525 1203 2576 Binae
1226 2519 1261 2576 de

167 2598 318 2667 transjuga
335 2597 490 2649 tententiae
501 2594 550 2665 (a)
584 2598 737 2649 Domestici
746 2600 776 2648 in
791 2598 949 2666 defunctum
967 2601 1161 2665 Imperatorem
1173 2610 1259 2643 amor.

169 2666 377 2719 Gubernationi
394 2665 524 2718 nuntium
542 2667 651 2720 mittere
664 2669 727 2719 vult
742 2668 792 2737 (3).
829 2666 1021 2736 imperatricis
1045 2666 1207 2716 lacrimatio
1231 2675 1259 2713 et

168 2735 274 2788 desua
293 2734 434 2788 viduitate
444 2735 630 2809 filiorumque
645 2738 765 2790 orbitate
783 2739 967 2809 querimonia.
1003 2735 1186 2786 Dornesticum
1208 2750 1261 2784 ne-

166 2806 255 2875 glecti
280 2805 367 2876 officii
393 2805 523 2874 coarguit
542 2805 592 2876 (l).
637 2807 681 2858 lia
708 2820 735 2858 et
753 2807 919 2877 patriarcba
937 2805 1147 2876 praesentibus,
1167 2802 1259 2855 diser·

167 2877 272 2926 tissime
289 2876 471 2942 suspicionem
490 2875 616 2946 affectati
635 2877 746 2942 imperii
763 2896 780 2929 a
799 2896 826 2928 se
844 2877 958 2945 depellit
1001 2875 1092 2925 Aliter
1109 2872 1258 2941 adguber-

167 2948 274 2999 nacula
292 2943 445 2997 rediturum
464 2957 565 3015 negat,
584 2947 640 2999 nisi
653 2949 818 3014 imperatrix
826 2946 915 3019 fidem
931 2941 1054 3000 dederit,
1073 2945 1259 2995 calumniato-

166 3017 247 3067 ribus
266 3033 324 3067 nan
342 3014 512 3067 credituram
530 3018 577 3082 (5).
614 3020 755 3091 Utrimque
772 3021 891 3069 iuratur.
928 3019 1008 3068 lurat
1021 3010 1107 3066 eidem
1130 3012 1258 3080 patriar·

166 3085 237 3137 elsae
254 3085 303 3155 (6)
341 3086 498 3137 Sismanum
519 3087 674 3138 Moesorum
692 3088 754 3156 regi
771 3089 909 3155 repetenti
926 3085 1024 3137 abnuit
1036 3099 1151 3150 magnus
1165 3079 1258 3131 dome·

166 3156 272 3216 stirus,
299 3156 377 3208 cuius
393 3152 546 3224 prudentia
563 3174 591 3208 se
611 3158 721 3220 ingenti
740 3170 813 3207 metu
830 3158 993 3215 liberatam,
1020 3169 1079 3205 cum
1096 3149 1260 3221 proceribus

166 3226 295 3276 laetatur
312 3227 476 3293 imperatrix
492 3223 540 3294 (7).
579 3224 654 3290 Quid
664 3228 779 3279 militem
798 3229 952 3297 segniorem
961 3224 1074 3296 feeerit.
1117 3219 1259 3273 Patricius

166 3293 283 3365 quidam
300 3295 414 3347 tabellio
431 3292 472 3347 ad
487 3312 565 3346 usum
582 3298 625 3348 rei
635 3296 765 3366 publicae
777 3294 912 3366 grandem
920 3295 1066 3366 pecuniam
1081 3290 1167 3363 offert.
1203 3289 1260 3341 Sti·

163 3362 271 3435 pendia
288 3379 315 3416 et
333 3362 440 3418 reditus
460 3364 577 3417 militum
595 3369 748 3435 explentur.
784 3364 830 3417 Ad
851 3384 972 3435 pugnam
991 3359 1093 3414 ardent
1109 3362 1199 3413 animi
1210 3359 1258 3422 (8).

166 3436 340 3487 Domesticus
356 3435 559 3504 imperatricem
578 3434 611 3487 cle
627 3436 691 3506 filia
709 3439 817 3490 Ioanne
832 3434 995 3488 coronando
1007 3445 1098 3484 monet
1114 3444 1141 3483 et
1157 3439 1258 3484 contra

165 3505 373 3558 ratiocinantes
389 3505 501 3574 refutat.
539 3505 646 3571 Lydiae
669 3520 801 3576 satrapae
820 3506 968 3559 Thraciam
985 3504 1144 3556 incursanti
1161 3515 1260 3554 occur·

165 3575 251 3626 ritur.
287 3576 457 3628 Domesticus
475 3577 507 3627 in
525 3575 693 3629 occidentem
705 3575 855 3638 ducturus,
875 3594 935 3630 cum
947 3573 1072 3627 Orclrane
1081 3590 1176 3642 pacem
1191 3574 1258 3623 iun-

167 3646 219 3713 git.
255 3646 373 3697 Mentem
392 3646 577 3714 imperatricis
594 3663 629 3698 es
645 3648 811 3716 patriarcba
822 3649 958 3718 explorat·
995 3645 1034 3695 Ab
1048 3640 1142 3695 eadem
1154 3639 1253 3693 lauda-

166 3727 217 3765 tur
233 3712 388 3786 blandeque
406 3729 553 3777 monetur,
578 3733 663 3771 nese
690 3718 824 3791 conficiat
847 3720 935 3769 tantis
962 3712 1121 3773 laboribus,
1149 3730 1203 3765 Μ
1222 3708 1258 3761 ἆθ

165 3798 275 3854 sumptu
296 3803 346 3837 suo
369 3797 471 3855 eroget.
506 3787 661 3856 Eleganter
675 3786 838 3858 respondet,
862 3800 893 3839 ut
914 3787 971 3838 uiri
994 3786 1126 3837 virtutem
1154 3798 1259 3848 eogno-

166 3870 238 3906 scas.
277 3857 414 3921 Byzantio
433 3871 492 3907 cum
513 3860 600 3926 copiis
618 3856 735 3910 discedit
745 3859 792 3926 (9).
828 3858 874 3911 Es
891 3856 1005 3910 urbibus
1023 3852 1162 3906 Thraciae
1175 3869 1257 3904 sena-

166 3937 243 3975 tores
260 3936 287 3975 et
304 3924 448 3993 praesidia
467 3922 507 3978 ad
521 3927 723 3995 expeditionem
741 3942 905 3982 evocantur.
941 3929 1052 3978 blaesus
1068 3920 1189 3993 foedere
1212 3923 1258 3973 irs-

167 4007 276 4045 nouato
299 3993 407 4047 domum
433 3996 498 4049 abit
542 3999 644 4050 Persae
663 3996 861 4068 praedabundi
879 3994 957 4066 apud
974 3995 1169 4048 Chersonesum
1189 4007 1256 4040 cae·

165 4061 289 4124 duntur,
302 4065 457 4130 jugantur.
493 4067 675 4134 Apocaucbus
698 4067 849 4136 tyrannidi
870 4067 983 4120 studens
1020 4058 1258 4133 deprehenditur:

168 4137 199 4183 in
210 4152 303 4183 arcem
322 4153 399 4187 suam
407 4137 543 4204 Epibatas
553 4138 687 4204 confugit.
722 4141 906 4192 Domesticum
923 4137 956 4190 a'e
970 4154 1062 4190 rerum
1074 4134 1258 4186 humanarum

168 4205 355 4258 mutabilitate
363 4204 501 4263 admonet.
513 4208 666 4278 Eiuspium
676 4209 835 4264 aosolidum
846 4225 1003 4280 responsum
1015 4205 1079 4274 (ιο).
1101 4204 1197 4256 latini
1206 4199 1258 4250 Pe-

167 4275 354 4346 loponuenses
372 4293 400 4332 se
417 4277 570 4335 subiiciunt
588 4297 647 4356 cupi
669 4280 896 4336 conditionibus.-
919 4295 1036 4355 quorum
1052 4275 1142 4348 legati
1161 4290 1180 4328 a
1205 4267 1259 4326 da«
