2934 4700
238 288 326 396 tllt
629 308 911 382 maritume

19 534 20 537 ,
92 465 511 561 ιαιερράγανονιοάντος,
533 466 653 554 πικράς
672 467 728 536 καί
748 463 970 556 άπανδράπιις
989 466 1204 552 echidnae,
1231 456 1329 545 οδιος

238 579 303 647 τοῖς
332 569 641 652 συλλαμβανομένοις
666 569 702 633 ἐκ
731 569 795 633 τάν
821 568 1055 654 προσκειμένων
1074 568 1217 652 βασιλίδι
1259 591 1328 631 πα-

240 670 363 757 ρείχετο
380 670 436 731 καί
450 667 551 751 δῶρα,
568 670 623 733 καί
634 665 712 754 πρὸς
732 663 844 752 άβρεις
864 663 1002 752 αἰσχράς
1020 670 1077 732 καί
1094 668 1327 750 ἀνελευθέρως

211 765 277 834 ltori
296 766 538 852 μόνονέκείνὼν
556 769 806 852 τετραμμένων,
827 762 909 830 etti
923 764 981 831 καί
990 763 1064 843 τοὺς
1083 758 1199 842 άλλους
1218 760 1323 828 rinna-

237 893 294 944 τας
313 870 562 951 ἐκκαλουμένων,
594 857 686 943 οὗτος
711 868 817 931 πᾶσαν
847 866 1022 952 αάστηρίαν
1044 866 1261 944 ἐπεδείκνυτο,
1292 856 1345 925 ὤ

236 992 287 1044 τις
307 964 488 1056 πατριάρχη
510 962 674 1055 ἢμεγάλφ
698 964 792 1031 δουκί
809 957 831 1050 ἢ
856 961 952 1054 ἑτέρῳ
973 956 1324 1050 τάνάρχάντωνάβριν

236 1070 404 1151 ἐπενέγκοι.
445 1068 595 1149 βασιλίδα
622 1063 683 1150 γάρ
708 1063 762 1131 αἐί
779 1068 836 1130 καί
853 1065 988 1148 βασιλέα
1015 1062 1070 1130 τὸν
1089 1061 1162 1129 nida
1182 1060 1237 1127 διά
1259 1057 1324 1125 πά-

236 1190 294 1252 σης
312 1158 387 1252 ἦγον
405 1160 578 1253 εάφημίας,
602 1165 704 1229 αάεοά
724 1162 922 1246 κελεύοντος,
944 1160 1051 1250 ὥσπερ
1075 1158 1116 1229 άν
1135 1165 1166 1229 εί
1183 1159 1229 1248 μὴ
1242 1158 1323 1249 πρδς

237 1267 377 1341 ἐκείνους
397 1266 595 1348 ἐπολέμουν,
617 1263 686 1328 ἀλλ’
698 1263 755 1329 ὑπ’
767 1262 904 1342 ἐκείνους
927 1256 1011 1350 ἦσαν
1029 1264 1226 1347 τεταγμένοι.

210 1370 233 1426 C
326 1360 383 1451 οη.
422 1361 582 1440 Βασιλειλς
603 1363 638 1428 δέ
658 1363 730 1430 ίπεί
747 1363 807 1440 τάς
823 1359 903 1429 κατά
925 1359 985 1448 τὴν
1003 1361 1089 1428 κάτα
1112 1361 1242 1449 Θράκην
1262 1355 1363 1424 ud-ro'
1448 1412 1449 1425 2

236 1471 302 1543 λεις
321 1462 402 1551 πλὴν
424 1459 538 1548 δλίγων
557 1461 771 1549 ὑπεποιήσατο
800 1460 947 1547 άπάσας,
980 1463 1036 1529 ἐπί
1058 1458 1119 1547 τήν
1147 1454 1325 1545 Ἀδριανοῦ

237 1561 370 1650 ἐχώρει,
406 1560 462 1628 καί
486 1558 609 1646 Βιζάην
636 1558 693 1627 καὶ
709 1560 769 1638 τάς
785 1562 884 1649 μέχρι
904 1559 1030 1628 Πόντου
1051 1558 1107 1626 καί
1126 1553 1241 1625 ἐκάκου
1265 1582 1324 1624 κα-

236 1662 401 1750 τατρέχων
427 1658 499 1726 ’καί
530 1657 711 1746 ληἰζδμενος
738 1658 784 1748 μη
805 1656 1067 1747 προσχωρούσας.
1107 1660 1323 1744 προσπέμπων

207 1765 279 1827 net
299 1765 356 1826 καί
379 1758 488 1848 κράφα
519 1759 673 1844 διελέγετο
692 1768 759 1837 τοῖς
780 1753 855 1827 odor
877 1757 1000 1848 φίλοις,
1020 1756 1055 1824 ἐν
1080 1760 1124 1848 τῇ
1147 1751 1325 1845 Ἀδριανοῦ

237 1864 274 1928 δέ
296 1858 450 1947 πρότερόν
467 1882 502 1924 τε
524 1850 606 1944 ἦσαν
625 1859 684 1924 orie
699 1857 821 1944 δλίγοι,
844 1861 901 1925 καί
911 1855 980 1926 τότε
992 1858 1170 1942 ἐπεγένοντο
1184 1854 1363 1942 δρῶντεςιδ

236 1952 299 2046 ἤδη
321 1957 378 2043 τὴν
402 1958 568 2041 Ῥωμαίων
590 1956 760 2043 ἡγεμονίαν
782 1955 864 2045 πρός
889 1959 1008 2026 ἐκείνον
1032 1958 1261 2039 άποκλίνασαν,
1292 1953 1327 2021 ολ

238 2060 294 2124 καί
306 2060 485 2142 πέμψαντες
498 2055 631 2123 ἐκάλουν
636 2108 648 2140 ,
662 2056 705 2134 cir
717 2055 905 2142 δυνάμενοι,
925 2059 958 2125 εί
974 2053 1069 2141 μόνον
1088 2051 1206 2143 άφδιίη
1214 2106 1225 2138 ,
1244 2058 1325 2139 μιᾶς

237 2162 302 2225 ταῖν
329 2159 436 2224 πυλῶν
473 2155 685 2244 κρατήσαντες
715 2153 853 2242 είσάγειν
879 2157 925 2235 είς
949 2155 1007 2243 τὴν
1027 2154 1129 2222 πάλιν.
1168 2151 1325 2239 βασιλεδς

240 2260 277 2325 δέ
307 2255 427 2334 adroic
453 2258 509 2342 τῆς
535 2259 718 2340 προθυμίας
746 2257 914 2333 ἐπαινέσας
952 2258 1009 2320 καί
1042 2255 1097 2340 τῆς
1124 2254 1250 2329 εδνοίας
1265 2254 1325 2338 τῆς

239 2357 317 2444 περί
340 2354 459 2439 αὐτὸν,
488 2353 612 2421 ἐκέλευε
642 2352 687 2443 μη
708 2351 861 2442 πρότερον
882 2357 1071 2442 ἐπιχειρεῖν,
1104 2354 1180 2441 πρίν
1206 2357 1366 2420 ἐκεῖνον»

240 2454 335 2523 ἴδωσι
354 2463 421 2530 τοῖς
441 2454 579 2536 τείχεσιν
598 2450 804 2541 ἐφεστηκότα.
828 2456 946 2521 ἐδεδίει
964 2452 1046 2541 γάρ,
1066 2454 1113 2541 μὴ
1137 2453 1326 2541 κατάφωρον

240 2556 456 2641 γεγενημένοι,
486 2555 573 2640 σφοῖς
601 2575 638 2619 τε
666 2547 787 2632 adroic
816 2552 874 2622 καί
902 2549 961 2642 την
982 2556 1099 2641 πρᾶξιν
1118 2547 1327 2622 ἀπολέσωσιν.

315 2733 354 2771 ro.
372 2711 448 2766 κάτα
461 2714 559 2768 omli.

244 2848 315 2904 qnae
337 2830 449 2893 flebant,
468 2828 588 2882 dolentia
607 2829 838 2897 rubortendlrrot,
858 2831 1033 2904 indignanter
1051 2832 1180 2889 atrociter
1199 2834 1277 2888 illam
1295 2840 1324 2887 et

242 2901 430 2956 inhumaniter
448 2903 590 2971 punirent:
609 2900 654 2952 lrie
671 2904 758 2972 captlr
779 2904 828 2975 qui
847 2902 882 2956 ab
912 2905 1084 2975 imperatrice
1109 2911 1212 2959 narrent
1240 2906 1323 2957 etiam

244 2972 316 3026 dona
343 2970 517 3042 largiebatur.
561 2971 687 3041 Cumque
710 2972 754 3024 illi
770 2972 807 3024 ad
833 2972 915 3026 foeda
935 2982 964 3026 et
980 2967 1129 3028 illiberalia
1154 2975 1274 3028 convitia
1294 2983 1324 3028 et

243 3045 299 3115 ipri
319 3049 557 3105 converterentur,
586 3048 615 3092 et
638 3042 707 3094 altor
729 3059 824 3096 ornnea
846 3043 1009 3109 incitarent:
1033 3044 1121 3109 hunc,
1148 3047 1172 3096 ai
1191 3048 1254 3116 quia
1274 3053 1325 3099 ant

244 3117 276 3168 in
302 3113 481 3183 patriarcham
508 3119 557 3163 aut
582 3111 611 3164 in
639 3128 767 3179 maguum
790 3113 887 3166 ducem
913 3114 1062 3167 eutalium
1085 3113 1120 3169 de
1143 3114 1323 3169 archontibua

244 3186 469 3238 contumelioaiua
494 3184 635 3253 quippiam
658 3181 790 3247 dixirret,
814 3185 1013 3237 aeverirrinrum
1033 3184 1234 3254 experiebatur.
1268 3185 1326 3236 lm-

245 3257 405 3377 peratricem
424 3268 533 3336 quoque
551 3260 580 3304 et
599 3253 659 3304 elur
677 3252 764 3305 illium
781 3254 981 3324 imperatorem,
998 3261 1058 3325 ipro
1074 3257 1200 3321 iubente,
1219 3273 1326 3326 temper

267 3325 521 3377 onorificentrraime
538 3322 732 3391 appellabant,
764 3325 852 3378 veluti
868 3327 893 3378 ri
910 3342 967 3379 non
984 3334 1079 3379 contra
1099 3327 1182 3392 iiior,
1206 3327 1256 3381 aed
1274 3343 1324 3396 pro

245 3396 302 3448 illia
322 3396 460 3448 incorum
478 3394 598 3444 exercitu
616 3393 776 3446 militarent.

315 3469 358 3534 ηε,
394 3464 551 3532 Imperator,
581 3461 715 3515 l'lrraciae
739 3461 854 3516 urbibua
870 3473 980 3535 praeter
1004 3483 1103 3537 paneae
1119 3467 1171 3520 aab
1189 3468 1327 3521 ditionem

246 3533 380 3595 redactia‚
400 3545 491 3582 nerana
515 3531 721 3601 Adrianopolim
741 3541 770 3585 et
786 3536 895 3606 Blzyam
928 3551 1054 3607 quaeque
1073 3537 1108 3590 ad
1126 3540 1241 3592 Pontum
1259 3554 1327 3609 per·

245 3607 338 3657 tinent
354 3602 504 3670 profectur,
524 3608 660 3676 quotquot
679 3619 708 3655 ae
728 3603 829 3658 dedere
849 3606 958 3659 nollent
973 3608 1183 3677 praedabundus
1202 3610 1328 3661 incurra-

246 3676 303 3728 bat.
348 3671 502 3725 Praemicair
525 3686 588 3724 vero
614 3673 720 3725 occulte
746 3676 943 3740 internuntiis,
976 3694 1036 3730 eum
1063 3678 1156 3731 amicir
1182 3681 1327 3750 negotiana

245 3762 324 3798 auum
349 3740 463 3811 agebat,
491 3757 608 3814 quorum
632 3749 661 3794 et
684 3751 766 3796 antea
791 3745 969 3817 Adrianopoll
995 3765 1052 3800 non
1079 3751 1158 3819 pauci
1184 3758 1273 3810 erant,
1293 3755 1327 3801 et

244 3825 318 3877 turn,
336 3813 410 3884 quod
428 3812 571 3880 imperium
591 3813 741 3867 Romanum
760 3816 794 3868 nd
813 3817 892 3869 illum
910 3818 1043 3871 inclinare
1061 3819 1327 3881 animadvertebant,

243 3888 334 3958 plurea
353 3884 523 3937 exatitcrunt.
560 3883 719 3952 Quinimmo
737 3886 912 3940 acceraebant
929 3904 1007 3952 enm,
1025 3896 1056 3940 ut
1077 3893 1125 3960 qni
1148 3896 1272 3961 poaaeut,
1298 3889 1328 3941 ai

244 3956 326 4017 modo
352 3962 515 4023 appareret,
541 3972 595 4006 una
619 3969 760 4025 portarum
779 3968 909 4027 occupata
928 3965 957 4009 et
976 3967 1087 4029 aperta,
1107 3959 1229 4012 illumin
1248 3960 1326 4011 cirl-

241 4038 328 4081 tatem
346 4024 528 4078 introducere.
565 4025 723 4095 Imperator,
744 4029 897 4096 praedicata
916 4043 1011 4081 eorum
1029 4047 1163 4100 propensa
1179 4031 1328 4083 voluntate

241 4099 364 4166 actisque
382 4094 488 4164 gratiis,
508 4094 650 4157 hortatur,
668 4113 702 4148 ne
741 4100 791 4149 uid
806 4100 883 4169 print
900 4098 1060 4169 inceptant,
1078 4117 1161 4168 quam
1180 4102 1269 4171 iprum
1288 4101 1326 4153 ad

240 4169 351 4221 moenia
378 4166 557 4234 conspiciant.
597 4114 776 4220 Formiddrat
806 4184 943 4241 namque,
974 4187 1010 4222 ne
1036 4170 1204 4239 deprehenai
1239 4188 1340 4241 reque,

239 4240 437 4309 negotiumque
454 4232 614 4306 perderent:
632 4244 662 4292 ct
676 4236 760 4292 aimul
776 4237 811 4293 da
829 4235 877 4294 die
893 4240 1031 4307 convenit,
1051 4256 1107 4314 qno
1126 4249 1157 4296 et
1171 4243 1234 4314 ipra
1245 4241 1330 4297 adcr-
