2934 4700
500 292 784 359 fflstomlltolt
812 291 867 359 111.
889 302 944 368 ιιι.
1165 261 1244 353 ads

163 447 221 531 τῆς
235 443 408 531 προδοσίας
430 445 521 510 ἕνεκα
538 451 594 513 κατ’
612 450 668 532 τῆς
682 440 886 534 ,φαυλότητος
902 442 1114 535 scissorium.
1154 444 1318 533 duareno.
1331 455 1398 527 riis

122 557 125 568 '
166 547 204 609 δὲ
226 547 284 609 νῦν
305 569 340 609 τε
368 544 499 625 ἀνδρίας
517 544 573 610 καί
597 545 766 632 καρτερίας
784 543 880 624 δόξαν
907 540 1081 631 itinerar
1103 546 1160 614 sui
1175 552 1250 634 παρ’
1279 561 1286 574 “

169 642 278 719 αι’τοῖς
298 651 363 719 τοῖς
382 646 554 725 πολεμίοις,
573 644 629 710 καί
649 647 742 734 ἀλίγρι
762 642 891 731 ὕστερον
904 645 962 710 osis
974 644 1037 729 ἐγώ
1048 643 1142 727 μόνον
1158 646 1251 729 ἀμεί-
1357 637 1361 646 ’

168 762 274 822 ψομαι
294 753 364 818 ταῖς
386 742 617 825 προσηκούσαις
637 745 849 829 εάεργεσίαις,
883 744 963 810 ἀλλά
993 743 1048 810 καί
1065 749 1164 811 πᾶσιν
1184 743 1253 812 ἔσο·

152 844 232 909 διθε
252 843 452 923 περίβλεπτοι
471 839 527 905 καί
544 842 727 922 θαυμαστοί
735 893 745 923 ,
777 837 826 908 ὅτι
847 846 881 907 ἐν
898 852 1019 929 καιροῖς
1037 844 1175 924 μάλιστα
1195 847 1253 910 du·

170 942 317 1019 καμίνοις
336 936 519 1021 βασανίζειν
538 938 665 1024 γνώμας
684 942 824 1025 ἀνδρῶν,
860 940 916 1027 την
941 942 1162 1028 προσήκοοσαν
1182 946 1347 1023 ἔπιε-9486

171 1036 319 1118 δείξασθε
338 1035 394 1102 καί
410 1040 652 1122 μεγαλοψυχίαν
671 1041 727 1104 καί
744 1038 887 1126 ἀνδρίαν.
930 1041 971 1105 od
984 1040 1023 1126 dr)
1039 1039 1093 1106 διὰ
1105 1042 1163 1127 την
1174 1045 1256 1109 ἐκεί-

172 1163 235 1203 νων
262 1132 417 1219 ἀβουλίαν
442 1138 642 1204 κατακόπτειν
670 1136 754 1220 ὖμιῖς
783 1142 903 1204 δίκαιον
909 1191 921 1222 ,
954 1142 1023 1205 οὐδ’
1042 1138 1092 1206 ὅτι
1111 1144 1254 1228 δοσπρα·

173 1240 256 1320 γίοιις
285 1233 466 1323 κεχρήμεθα
492 1246 637 1318 σκοπεῖν,
671 1238 739 1303 ἀλλ’
760 1242 791 1305 εἰ
808 1242 907 1324 μηδὲν
928 1233 1021 1304 οὗτοί
1041 1241 1080 1304 δι’
1100 1242 1256 1322 ἀτολμίαν

136 1334 256 1419 τοπρός
284 1333 320 1399 τὸ
350 1332 461 1419 ἥττους
490 1337 663 1422 φαίνεσθαι
689 1341 970 1424 οννεισηνέγκαμεν
997 1342 1061 1403 τῶν
1089 1342 1256 1421 πολεμίων.

178 1435 208 1499 εἰ
237 1435 264 1496 δ’
289 1428 340 1497 ὅτι
359 1438 471 1514 κακῶς
484 1432 557 1500 νυνί
572 1432 779 1520 πεπράχαμεν
796 1436 1004 1522 προσίσταται
1023 1437 1116 1518 ὑμῖν,
1137 1438 1203 1512 ἀλλ’
1224 1440 1257 1501 ἀ-

180 1542 262 1597 κεῖνο
272 1529 336 1618 χρὴ
349 1542 486 1616 σκοπεῖν,
504 1531 547 1610 ὥς
562 1536 629 1599 ou'd'
652 1533 681 1599 oi
703 1532 803 1600 udins
818 1533 981 1620 Ῥωμαῖοι,
1003 1539 1077 1621 περί
1095 1528 1140 1601 du
1158 1537 1258 1620 μεγά-

182 1637 223 1696 λα
242 1624 350 1718 ᾅδεται
373 1636 429 1697 κατ’
447 1632 639 1716 θαυμαστοὶ,
670 1633 819 1719 ἀήττητοι
832 1633 1014 1700 παντάπασι
1029 1635 1259 1719 διαμεμενήκα-

179 1755 248 1814 oss,
279 1733 348 1797 ἀλλ’
368 1733 404 1796 ἐν
420 1739 544 1809 πολλοῖς
563 1731 712 1809 πολλάκις
731 1738 902 1821 σφαλέντος
921 1738 977 1798 καί
995 1730 1148 1819 ὁλόκληρα
1161 1758 1259 1819 στρα·

140 1830 293 1906 ιςτόπεδα
310 1831 388 1910 μετὰ
413 1836 476 1897 τοῖν
495 1838 676 1918 στρατηγῶν
697 1831 919 1916 ἀποβαλόντες,
941 1834 1056 1922 ἀνδρίᾳ
1073 1831 1129 1897 καί
1146 1838 1262 1918 τλημο·

176 1929 258 2015 σόνη
285 1933 324 2017 τῇ
352 1933 428 2016 περὶ
456 1930 494 1995 ui
520 1924 724 2017 ἔργαάἀθις
751 1927 982 2014 ἀνεμαχέσαντο
1003 1930 1061 2016 τὴν
1082 1925 1193 2017 ἧτταν,
1222 1930 1261 1996 od

176 2033 299 2111 μᾶλλον
319 2028 585 2113 καταπήξαντες,
606 2025 628 2115 ἢ
648 2027 727 2116 ἀργῇ
745 2034 784 2117 τῇ
804 2028 883 2114 πρὸς
901 2030 974 2107 τούς
993 2034 1161 2112 πολεμίους
1180 2037 1286 2117 σφα-Β

180 2122 329 2212 ἀρότερον
359 2125 516 2210 ἁψάμενοι
547 2127 625 2211 μετοὶ
655 2134 756 2195 ταῦτα
779 2132 839 2193 τοῦ
859 2132 1008 2212 πολέμου.
1050 2122 1095 2194 ὧν
1115 2124 1264 2213 ἀπόγονοι

180 2224 236 2290 καί
255 2226 346 2309 ἡμεῖς
366 2227 525 2303 ἀξιοῦντες
545 2221 638 2309 εἶναι,
661 2225 835 2310 μιμώμεθα
853 2227 912 2303 τὰς
932 2229 1045 2314 ἀρετὰς
1064 2226 1121 2293 καί
1137 2230 1194 2292 νῦν
1205 2230 1266 2310 μὲν

142 2320 332 2411 ςοῆγώμιθα
348 2322 461 2409 τύχαις
482 2326 696 2413 ἀνθρωπίναις
712 2322 906 2414 χρησάμενοι
926 2330 1135 2414 δοσπραγεῖν,
1164 2328 1266 2415 μικρῷ

183 2428 219 2488 δὲ
239 2422 369 2509 ὕστερον
389 2423 468 2509 πρὸς
487 2424 545 2511 τὴν
562 2429 719 2511 προτέραν
740 2420 836 2501 αὖθις
854 2427 1030 2514 ἀφίξεσθαι
1050 2421 1267 2508 εὐδαιμονίαν.
1323 2410 1327 2427 ’

184 2520 240 2586 καί
257 2520 319 2607 γάρ
341 2521 474 2590 καὶτῶν
492 2523 554 2611 πρὸ
576 2525 664 2610 ἡμῶν
681 2529 839 2608 βασιλέων
858 2526 916 2591 oris
936 2522 1047 2612 ἀλίγοι,
1071 2524 1100 2590 oi
1113 2527 1173 2608 μὲν
1185 2529 1267 2609 βαρ·

187 2620 296 2709 βάροις
322 2626 529 2706 πολεμοῦντες
555 2626 752 2712 αἰχμάλωτοι
780 2622 926 2711 γεγόνασι
953 2627 1146 2711 νικηθέντες,
1181 2621 1211 2690 oi
1231 2624 1268 2688 di

190 2883 273 2948 elom,
291 2884 325 2937 do
344 2885 503 2955 proditione
517 2890 547 2938 et
563 2885 681 2938 sinistris
698 2885 821 2938 moribus
839 2885 1032 2939 erubescentes
1045 2883 1190 2938 videlicet:
1209 2899 1270 2937 cnm

189 2970 237 3008 vos
254 2961 283 3006 et
299 2970 373 3008 nunc
388 2954 559 3009 tortitudinis
576 2971 608 3007 ao
623 2957 774 3026 patientiae
792 2954 902 3008 laudem
920 2958 964 3008 rel
980 2954 1016 3006 ab
1035 2956 1159 3024 ipsismet
1180 2954 1271 3008 bosti-

131 3024 134 3039 '
188 3022 242 3077 bus
259 3026 382 3078 tuleritis
401 3033 429 3078 et
446 3044 502 3079 non
520 3026 606 3080 solum
633 3041 682 3095 ego
702 3024 778 3078 brevi
796 3026 898 3079 debitis
916 3042 963 3078 vos
982 3026 1062 3079 donis
1082 3032 1271 3078 remunerato·

188 3112 235 3147 sus
254 3095 326 3159 sim,
344 3096 392 3150 sed
414 3098 468 3167 ipsi
485 3112 597 3168 quoqne
615 3099 734 3150 omniurn
754 3097 784 3147 in
801 3113 849 3149 uos
870 3111 915 3147 ora
926 3114 985 3148 cum
1004 3094 1187 3148 admiratione
1205 3109 1272 3146 con·
1375 3104 1377 3111 ⁴

188 3167 292 3217 sessuri
312 3165 389 3230 sitis,
407 3169 473 3239 quia
492 3166 679 3236 temporibus,
698 3183 769 3238 quae
787 3167 859 3219 viros
881 3167 1022 3235 explorare
1036 3166 1154 3218 maxime
1170 3165 1272 3227 solent,

188 3236 320 3289 invictam
353 3239 437 3291 animi
470 3236 683 3301 firmitudinem,
707 3245 739 3289 ut
766 3235 878 3305 dignum
912 3237 980 3299 fuit,
1013 3235 1273 3289 demonstraveritis.

189 3305 309 3361 Proinde
336 3324 393 3360 non
421 3318 531 3376 propter
548 3308 659 3360 iliorum
684 3308 830 3360 stultitiam
852 3323 898 3358 vos
917 3307 1036 3377 aliquam
1055 3305 1274 3376 desperationem

191 3379 330 3446 suscipere
349 3378 493 3444 convenit;
516 3394 552 3431 ne
573 3394 608 3429 ue
630 3385 730 3429 sortem
759 3377 916 3440 duriorem,
941 3392 1023 3447 quam
1042 3379 1150 3446 experti
1167 3391 1276 3439 sumus,

192 3445 365 3500 considerare
383 3448 506 3502 debetis:
525 3397 573 3501 sed
590 3448 661 3498 iliud
678 3449 788 3517 potius,
802 3446 875 3499 nihil
892 3464 942 3498 nos
960 3464 1008 3516 per
1025 3448 1160 3517 ignaviam
1174 3446 1210 3499 ad
1224 3447 1278 3499 isoe

193 3518 341 3571 contulisse
349 3556 360 3583 ,
379 3527 411 3570 ut
428 3516 553 3572 hostibus
574 3516 670 3571 cedere
686 3516 847 3570 videremur.
885 3516 1036 3571 sinuatis
1053 3520 1199 3571 molestum
1220 3524 1278 3581 est,

195 3587 271 3660 qnod
288 3606 362 3642 nuuc
378 3588 542 3643 infortunati
562 3588 680 3653 luimus,
711 3596 739 3639 at
758 3590 907 3657 cogitemus
927 3590 1008 3651 licet,
1026 3605 1077 3640 nec
1101 3597 1207 3642 veteres
1225 3589 1278 3639 uo·

195 3674 309 3721 manos,
327 3674 444 3728 quorum
471 3676 514 3713 res
539 3667 631 3728 gestae
657 3659 774 3712 eximiae
800 3668 828 3711 et
844 3657 1020 3711 admirabiles
1042 3658 1183 3712 hominum
1208 3659 1281 3711 lama

195 3729 360 3799 scriptisque
379 3729 568 3792 celebrantur,
587 3732 826 3797 semper-invictos
844 3731 992 3791 mansisse,
1016 3729 1164 3801 sedsaepe
1184 3729 1281 3781 multis

196 3799 263 3851 iocis
281 3796 427 3852 offendisse
446 3817 477 3852 ac
495 3801 560 3852 totis
579 3800 743 3854 exercitibus
762 3817 816 3853 una
835 3816 895 3851 cum
920 3797 1036 3851 ducibus
1062 3800 1175 3854 adverso
1192 3801 1283 3853 Marto

197 3868 313 3932 deletis,
339 3869 498 3922 instauratis
518 3870 619 3923 deinde
636 3873 768 3943 proeliis,
794 3870 956 3922 fortitudine
983 3877 1011 3921 et
1027 3871 1163 3939 patientia
1181 3870 1283 3921 bellica

196 3937 324 3991 hostibus
340 3957 389 4009 par
407 3941 549 3993 retulisse:
574 3958 626 3993 nec
648 3943 731 4008 magis
748 3941 847 3994 timore
865 3941 1020 4008 perculsos,
1037 3958 1118 4010 quam
1142 3939 1285 3993 iracundia

198 4010 228 4060 in
250 4007 343 4062 bootes
361 4011 507 4073 incitatos,
536 4010 570 4064 ad
598 4011 703 4063 bellum
730 4019 826 4081 postea
843 4011 982 4063 ardentius
1002 4011 1168 4063 incubuisse.
1205 4007 1285 4077 Quo·

198 4095 258 4133 mm
274 4096 325 4134 nos
343 4082 445 4149 posteri
463 4098 522 4134 esse
540 4084 699 4152 cupientes,
719 4099 813 4135 eorum
828 4082 957 4134 virtutem
975 4082 1122 4134 imitemur.
1158 4081 1193 4133 iit
1212 4095 1287 4132 nune

239 4151 314 4204 idem
332 4152 400 4220 quia
422 4149 547 4205 hemines
565 4168 674 4214 sumus,
695 4168 745 4205 nos
757 4154 870 4205 miseros
889 4169 966 4213 erse,
983 4152 1060 4204 brevi
1078 4158 1168 4204 autom
1187 4151 1287 4203 lterum

215 4221 295 4276 elices
316 4237 348 4277 ac
365 4220 460 4287 beatos
479 4223 538 4280 iore
564 4221 738 4285 arbitremur.
772 4221 883 4279 Etenim
906 4231 936 4278 et
952 4224 1068 4279 maiores
1093 4221 1182 4280 nostri
1197 4221 1289 4295 imps-
