2934 4700
414 360 697 427 uisroaiaauu
727 368 783 427 ιιι.
807 367 860 437 ιι.
1140 364 1196 452 97

120 518 178 582 τού
196 517 342 600 Χριστοῦ
375 512 431 578 καί
448 513 523 589 τούς
551 538 584 579 τε
606 516 736 601 ἀφανῶς
757 518 1008 602 προηγουμένους
1026 519 1082 581 καί
1101 526 1267 603 noos-Adi
1280 500 1346 599 osi

119 619 276 697 πομένους
320 614 470 697 α’γγέλους
498 617 553 679 καί
579 612 655 690 τούς
685 619 841 700 αἰσθητῶς
868 615 923 680 καί
951 619 1096 702 φανερούς
1126 616 1202 702 ἦμέν

116 714 196 800 πρύς
226 711 284 798 την
316 716 476 793 διακονίαν
505 707 610 788 αύτοῖς
637 716 885 798 συναιρομένους
912 713 1016 799 ἱερέας
1042 719 1201 782 τουτουσί.

116 819 177 877 τού
212 810 352 896 μεγάλου
378 814 414 876 δὲ
443 814 627 893 δομεστίκυυ
660 811 698 877 τοὶ
730 812 901 898 γράμματα
927 811 1051 895 ἔχοντες
1079 815 1113 879 έν
1132 823 1202 882 ταῖν

93 907 223 996 ὁχεροῖν
248 912 305 976 καί
323 907 389 994 ’την
414 914 468 994 τῆς
495 908 674 995 ἱερουργίας
701 914 922 993 περιμένοντος
951 911 1116 996 τελευτὴν,
1149 915 1201 979 ἵνα

115 1012 243 1094 α’νογνύ
252 1060 263 1091 ,
284 1006 379 1074 πάλιν
400 1008 417 1073 o‘
438 1009 717 1093 παροκοιμύμενος
736 1010 898 1094 γενόμενος
912 1008 1024 1095 έγγύς,
1045 1014 1142 1077 ἐδεῖτο
1162 1009 1230 1078 cdi)

115 1114 172 1174 νύν
194 1107 271 1190 ἔχον
292 1108 488 1191 ἀνοιγνύναι,
507 1108 558 1172 ἳνα
578 1101 622 1192 μηΙ
648 1110 683 1174 έκ
704 1112 768 1174 τῶν
790 1103 891 1194 ὅρκων
909 1114 1005 1192 μόνον
1012 1161 1022 1192 ,
1042 1109 1123 1176 istd
1147 1111 1204 1177 καί

115 1208 171 1272 ἀπ’
192 1209 294 1272 αύτού
313 1209 369 1272 τού
386 1207 505 1289 χρόνου
529 1207 732 1293 φοβερώτερα
753 1214 807 1274 καὶ
827 1210 997 1293 πιστότερα
1012 1209 1051 1274 τύ
1065 1234 1201 1294 γεγραμ-

116 1309 199 1388 μένα
226 1297 260 1391 ᾗῤ
300 1307 373 1371 ἕπετ’
401 1308 437 1369 δὲ
467 1304 653 1386 πειθόμενος
684 1307 825 1390 α’νέγνα,
856 1304 925 1372 τότε
943 1311 1003 1388 μέν
1031 1310 1205 1395 ἐφθέγξατο

79 1405 233 1479 locridis,
262 1397 398 1484 ύστερον
427 1404 463 1468 δέ
484 1402 565 1483 μετὰ
588 1402 645 1488 την
665 1402 791 1488 τελετὴν
810 1403 907 1487 μόνον
925 1403 981 1470 τὸν
998 1407 1204 1491 παρακοιμιύ-

119 1524 216 1584 μενον
231 1497 441 1584 παραλαβών,
461 1499 540 1585 ,μὴν
557 1504 618 1583 μέν
637 1489 790 1586 &inoffi
810 1500 873 1588 ἔφη
893 1505 1150 1587 ,,κακοπραγίοιν,
1181 1493 1205 1591 ᾗ

119 1601 343 1685 προσπαλαίων
362 1599 406 1673 εἰς
426 1604 516 1663 τοῦτο
534 1601 631 1684 τύχης
645 1600 701 1664 καί
712 1602 916 1687 περιφανείας
931 1595 1035 1685 ἦχθης
1050 1597 1202 1683 ὑπ’έμού,

121 1696 232 1773 πάντες
248 1699 308 1779 μὲν
329 1699 503 1763 συνειδεῖεν
525 1689 564 1762 ύν
583 1700 655 1779 ἐμοὶ
669 1697 837 1779 Ῥωμαῖοι·
864 1699 905 1764 σύ
927 1701 956 1763 δ’
979 1691 1018 1763 ύν
1037 1696 1103 1784 εἴης
1125 1698 1204 1765 ποίν-

119 1822 181 1863 ττον
199 1801 320 1877 μᾶλλον
351 1791 523 1878 ἀξιόχρεως
545 1795 751 1861 πιστεύεσθαι
779 1791 905 1881 τύληθῆ
924 1799 978 1861 καί
999 1798 1109 1862 δίκαια
1131 1801 1206 1882 περί

83 1891 259 1961 ιὸοεαυτού
275 1899 514 1977 συμμαρτυρῶν
533 1895 614 1976 ἐμοί.
657 1899 719 1960 τοῖν
737 1898 797 1976 μὲν
815 1888 871 1960 οὖν
884 1892 1090 1980 ὑπηργμένων
1108 1892 1230 1981 παρύρ,
1242 1920 1291 1991 397

118 2018 153 2060 τε
172 1998 236 2059 cciv
257 1986 361 2057 ἄλλων
383 1993 543 2075 α’ρκούσαν
571 1992 635 2076 ἔχω
657 1992 714 2079 την
736 1987 895 2069 οἷπύύειξιν
908 1994 963 2057 καί
975 1995 1110 2076 μάλιστα
1131 1999 1203 2059 σού.

118 2084 165 2157 ὧν
199 2094 237 2156 dc
274 2087 456 2175 διενοούμην
483 2096 557 2174 περί
587 2094 647 2156 σού
677 2090 832 2173 μειζόνων
856 2091 912 2155 καί
931 2096 1206 2176 θαυμασιωτέραν

119 2188 254 2275 ἇγαθιὸν
282 2186 378 2264 αύτύς
409 2211 444 2251 τε
476 2190 610 2254 σύνοιδα
640 2194 768 2276 ἐμαυτῷ
802 2190 859 2254 καί
887 2180 915 2277 ᾧ
942 2187 981 2253 τὰ
1012 2189 1069 2273 τῆς
1096 2193 1205 2273 ψυχῆς

119 2286 253 2356 ἑκάστου
275 2283 429 2371 κινήματα
452 2290 507 2352 καί
534 2287 730 2370 διανοήματα
765 2285 907 2373 φανερὰ,
926 2281 1009 2362 θεός.
1049 2284 1148 2363 αύτὸς
1170 2288 1206 2350 δὲ

84 2390 196 2474 »μήθ’
224 2386 305 2473 ύπέρ
336 2378 382 2452 ὧν
409 2387 557 2463 πολλάκις
586 2387 639 2450 ὑπ’
663 2390 743 2467 έμού
762 2390 921 2460 πέπονθας
951 2388 1053 2460 καλῶς
1071 2383 1207 2468 μηδενὸς

121 2488 292 2573 μνησθείς,
313 2484 391 2570 μηθ’
414 2486 457 2562 ὥς
475 2490 615 2553 τοοαύτα
637 2483 879 2579 ευέργετηθείςι
902 2485 977 2549 οὐδὲ
991 2477 1073 2560 ἅπαξ
1093 2486 1206 2549 πέπον-

125 2594 188 2664 θας
208 2588 335 2667 κακῶς,
364 2583 443 2650 iisd
466 2588 556 2670 δίκην
577 2588 686 2670 σειροῖς
704 2568 788 2660 τινύς
807 2583 975 2658 οἷθιύλυτος
994 2579 1014 2666 ἦ
1035 2586 1096 2647 τῶν
1115 2582 1207 2669 εύερ-

122 2684 305 2771 γετημύτωκ
326 2685 498 2751 ἀκολουθία
517 2686 616 2770 μέχρι
636 2688 693 2750 νύν
714 2688 789 2769 παρ’
809 2684 890 2767 έμού
910 2683 1105 2768 διετηρηθη,
1142 2678 1208 2749 ἑτέ·

200 2862 426 2928 ammi

126 3044 187 3080 αιιιι
222 3036 339 3082 tremore
365 3029 562 3085 sacrificaretur
587 3045 683 3100 corpus
711 3028 832 3092 Christi,
862 3036 892 3082 et
925 3030 974 3100 qai
1000 3027 1210 3099 inaspectabiles

125 3098 322 3168 praecederent
337 3107 570 3172 sequerenturque
596 3099 722 3167 angelos,
752 3108 780 3152 ct
807 3099 855 3169 qui
877 3117 893 3151 a
920 3100 1000 3151 nobis
1028 3101 1157 3152 sidentur
1181 3100 1211 3150 in

125 3170 279 3221 ministerio
306 3185 352 3239 eos
375 3171 534 3222 adiuvantes
561 3170 712 3224 sacerdotes
737 3171 813 3223 istos.
848 3170 947 3235 Magno
973 3184 1037 3223 uero
1062 3169 1211 3221 domestico

125 3239 254 3291 libellum
282 3241 312 3292 in
339 3241 466 3291 manibus
496 3248 607 3292 tenente
639 3254 832 3311 sacrorumque
856 3239 938 3292 finem
963 3246 1153 3309 exspectante,
1180 3245 1213 3289 ut

125 3308 248 3377 legeret,
267 3311 394 3378 rogabat:
442 3328 477 3363 uo
495 3310 625 3363 nimirum
644 3327 701 3364 noa
720 3324 754 3361 ex
773 3311 933 3362 iuramentis
964 3318 1086 3372 matum,
1117 3324 1213 3364 veruna

127 3382 209 3431 etiam
230 3396 265 3432 ex
283 3379 341 3448 ipse
364 3329 523 3439 conditione
542 3381 672 3448 temporis
691 3377 891 3435 venerabiliora
911 3390 941 3434 et
964 3379 1139 3432 credibiliora
1163 3379 1213 3431 fie-

127 3459 202 3511 rent,
221 3465 293 3520 quac
316 3452 417 3518 scripta
437 3451 553 3502 inerant.
588 3450 682 3502 Victus
709 3450 836 3519 precibus
864 3450 985 3519 legisse
1011 3456 1077 3501 tunc
1100 3448 1213 3520 quidem

126 3519 222 3572 tacuit,
258 3520 322 3570 Post
339 3520 500 3571 sacrificium
519 3519 606 3571 solum
629 3519 783 3584 deducens,
803 3520 892 3589 Quam
910 3520 978 3572 dura
996 3528 1025 3572 et
1043 3535 1137 3589 aspera
1156 3534 1212 3572 sors

126 3594 175 3641 tas
191 3606 208 3639 a
226 3589 365 3659 principio
386 3591 486 3654 suerit,
510 3592 618 3660 inquit,
650 3607 710 3642 οοοι
728 3608 782 3659 qua
807 3591 972 3653 colluctans,
999 3591 1067 3642 meis
1085 3589 1213 3657 auspiciis

127 3666 156 3710 et
173 3676 257 3729 opera
278 3660 307 3710 in
333 3670 387 3712 tam
408 3662 542 3712 excelsum
569 3660 694 3713 fortunae
713 3662 822 3728 gradum
849 3659 1049 3723 conscendisti,
1072 3675 1153 3712 nemo
1173 3668 1216 3711 est

127 3728 328 3791 Romanorum,
352 3732 400 3800 qui
426 3746 481 3781 uon
499 3732 575 3782 iuxta
597 3748 699 3782 mecum
719 3733 841 3792 noverit,
865 3739 893 3782 et
912 3740 941 3782 tu
960 3738 1056 3799 utpote
1072 3747 1164 3783 verum
1183 3744 1216 3781 ee

127 3800 230 3851 iustum
250 3798 320 3851 mihi
344 3800 433 3851 iesous
452 3803 640 3854 testinnonium
651 3836 660 3862 ,
689 3802 767 3853 testis
783 3815 841 3853 esse
862 3807 938 3871 potes
958 3802 1080 3851 omnium
1099 3799 1153 3852 tide
1172 3801 1216 3852 di·

129 3871 283 3939 gnissimos.
322 3870 400 3937 Quae
419 3870 500 3937 igitur
518 3871 546 3923 in
566 3878 592 3922 te
611 3872 682 3924 uitro
701 3871 820 3935 contuli,
838 3886 870 3922 ea
893 3879 922 3924 et
940 3868 975 3920 ab
992 3870 1053 3922 aliis
1075 3880 1102 3922 ct
1120 3871 1168 3922 abs
1186 3879 1215 3925 te

129 3942 247 3992 maxime
267 3941 423 3991 confirmata
445 3950 525 3993 sunt:
552 3940 653 4012 quibus
678 3958 742 3993 vero
770 3948 797 3991 te
826 3939 930 3992 afficere
959 3941 1108 4009 cogitabam
1134 3940 1215 3992 bonis

130 4010 283 4062 maioribus
302 4017 330 4061 et
348 4009 561 4079 insignioribus,
581 4027 674 4062 eorum
693 4018 722 4062 et
746 4014 805 4079 ipse
823 4010 891 4063 mihi
922 4026 981 4062 sum
1013 4012 1091 4063 testis
1116 4019 1145 4063 et
1171 4011 1216 4062 cui

130 4082 212 4131 animi
240 4080 454 4151 uniuscuiusque
486 4083 621 4133 motiones
651 4089 734 4149 atque
759 4098 838 4133 sensa
860 4082 1005 4135 manifesta
1027 4089 1107 4142 sunt,
1134 4082 1215 4131 Deus.

132 4149 175 4199 Tu
192 4158 287 4202 umen
305 4158 359 4200 tam
378 4151 471 4201 inuitis
498 4152 660 4211 obstrictus,
687 4168 739 4202 nec
763 4154 844 4204 unius
871 4169 899 4203 es
923 4150 1094 4204 recordatus:
1121 4158 1149 4201 et
1175 4155 1217 4198 tot

132 4216 283 4271 benefactis
301 4235 317 4268 ιι
335 4236 378 4271 me
397 4223 560 4283 cumulatus,
576 4238 627 4272 uec
645 4222 728 4272 semel
748 4224 875 4285 offensus,
899 4239 959 4274 cum
977 4238 1026 4289 ego
1048 4221 1123 4269 velut
1141 4225 1216 4271 cate.-

133 4303 196 4341 nana
213 4288 350 4360 quandam
369 4293 467 4343 merite
485 4292 589 4346 meritis
607 4291 661 4345 huc
680 4309 767 4362 usque
790 4308 896 4361 semper
912 4290 1080 4351 addiderim,
1106 4287 1215 4339 sociiis

173 4388 378 4448 Comseusemss
398 4395 435 4449 11.
1002 4406 1017 4460 7
