2934 4700
95 322 115 357 ,3
216 232 274 319 68
613 253 900 320 σιπτλσοιοοι

68 431 130 486 λα
142 415 318 501 adquirenda
337 414 392 478 καί
409 407 623 496 μεθ’ἦμὲραν,
643 406 722 493 μήτε
740 406 931 496 χρημάτων·
956 399 1010 494 (ἦν
1028 405 1088 491 γάρ
1110 404 1149 491 δὴ
1168 403 1185 471 ὅ
1203 409 1309 491 μέγας

216 516 398 596 δομίστικος
425 511 466 573 ου’
491 506 590 590 μόνον
618 506 699 593 πρὸς
719 512 785 572 τῶν
809 506 967 593 τριήρεων
985 505 1042 590 τήν
1061 502 1202 591 δαπάνην
1220 502 1308 591 χρή·

215 636 301 696 ματα
334 604 504 682 οἷναλωκώς
530 604 630 672 πολλοὶ
660 608 695 670 ἐκ
715 610 778 672 τῶν
798 607 912 688 ἰδίων,
940 603 1021 668 α’λλδ
1052 606 1108 668 καί
1126 607 1159 669 ἐν
1178 611 1310 679 πολλοῖς

184 707 350 795 Βὲτέρσις,
371 704 392 771 d
413 707 569 772 συνοίσειν
589 703 698 786 ἔμελλε
724 709 804 770 πᾶσι
831 705 927 792 κοινῇ,
958 703 1128 790 φιλοτίμως
1149 695 1229 787 ἆγον
1248 700 1314 766 καὶ

215 810 361 889 δαψιλῶς
375 808 608 871 καταναλίσκων
620 803 700 885 μετὰ
721 804 781 887 τὴν
801 807 956 885 βασιλέως
976 802 1146 889 τελευτήν)
1169 798 1333 889 παρῄνεις

183 942 187 949 e
215 931 270 986 τε,
290 905 335 988 μὴ
366 901 448 968 οὕτω
477 913 595 985 ποιεῖν,
617 902 661 981 ὥς
682 906 739 967 urin
760 906 964 987 ἐξαρκέσοντα
984 900 1063 987 πρὸς
1091 899 1166 976 roric
1191 896 1313 976 πόνους

217 1002 375 1083 insaniei,
401 998 466 1067 ἀλλ’
498 999 613 1067 ἑαυτοῦ
641 1025 675 1065 τε
704 1003 851 1088 πρόνοιαν
870 1005 1033 1065 ποιεῖσθαι
1049 1003 1108 1070 ,καί
1132 996 1313 1085 χρημάτων

218 1105 397 1190 perdendus,
408 1097 572 1184 χρώμενον
591 1110 657 1176 τοῖς
671 1100 844 1184 δημοσίοις.
866 1099 883 1163 ὅ
907 1102 936 1162 δ’
949 1097 1069 1182 ἔφασκε
1090 1101 1211 1179 μᾶλλον
1228 1093 1311 1181 ἥδε-

218 1207 301 1268 σθαι
329 1204 432 1267 πονῶν
460 1198 557 1276 ariade
582 1197 664 1284 δπὲρ
691 1205 755 1263 τῶν
774 1201 862 1287 κοινῇ
882 1197 1141 1274 λυσιτελούντων,
1162 1190 1183 1279 ἢ
1205 1194 1315 1280 ’ἕτεροι

216 1300 298 1387 πρὸς
311 1301 436 1394 ἀνέσεις
448 1302 656 1383 τετραμμένοι
669 1298 725 1362 καί
739 1294 864 1381 ἡδονάς.
889 1297 934 1377 τό,
949 1321 984 1361 τε
994 1294 1146 1381 χρήματα
1166 1318 1354 1361 aurave-to

217 1401 336 1466 λίσκειν
363 1398 401 1463 οδ
424 1398 555 1482 ζημίαν,
589 1398 669 1463 α’λλιὶ
690 1398 814 1462 πάντων
834 1399 954 1482 κερδῶν
974 1398 1123 1480 ἡγεῖσθαι
1141 1396 1315 1479 χαριέστε-

218 1522 300 1585 ρον,
321 1490 417 1583 ίίχρις
437 1490 494 1579 δν,
515 1496 645 1562 καὶτοῦ
671 1499 750 1561 θεοῦ
772 1498 1026 1580 συναιρομένου,
1053 1492 1112 1577 τήν
1136 1491 1312 1573 Ῥωμαίων

220 1599 389 1683 ἡγεμονίαν
417 1599 472 1662 ἐπί
506 1602 588 1679 μέγα
617 1594 682 1663 ἴδοι
710 1598 878 1681 αἰρομένην
910 1595 964 1657 καί
982 1592 1109 1658 πάντων
1128 1596 1316 1676 κρατοῦσαν

196 1695 394 1777 ὓπολεμίων.
434 1694 571 1773 ἐλπίζειν
592 1697 628 1760 δὲ
646 1694 725 1776 μετὰ
745 1691 884 1777 μικρὸν,
915 1693 946 1756 εἰ
962 1689 1007 1777 μή
1022 1717 1053 1757 τι
1076 1687 1207 1771 κώλυμα
1229 1716 1317 1773 συμ-

220 1797 316 1879 βαίη,
336 1798 476 1858 τοσαῦτα
488 1793 657 1874 Ῥωμαίοις
674 1792 872 1880 ω’φελήσειν,
897 1788 958 1856 ὅσα
969 1790 1025 1855 καί
1044 1789 1146 1876 αὐτὴν
1167 1788 1358 1874 δρῶσαν,ιὸ
1417 1844 1420 1849 ,

220 1898 286 1981 θεῷ
323 1890 462 1976 χάριτας
493 1892 655 1976 ὁμολογεῖν
684 1893 728 1981 τῷ
750 1895 891 1978 συνεργῷ
909 1895 971 1957 τῶν
991 1893 1106 1955 καλιόν.
1148 1891 1189 1952 ου’
1212 1895 1317 1975 μικρδ

220 1988 280 2078 γάρ
300 2015 372 2058 τινα
398 1994 596 2056 διανοεῖσθαι
624 1990 878 2075 παρασκευάσειν
898 1994 956 2056 τοῦ
975 1993 1143 2072 χειμῶνος,
1168 1987 1214 2064 ὡς
1243 1985 1316 2070 ἅμα

221 2085 278 2177 ἦρι
310 2088 445 2166 πολλοδς
471 2094 534 2155 τῶν
562 2087 713 2175 πρότερον
739 2089 819 2154 κατὰ
856 2086 1023 2171 Ῥωμαιων
1059 2091 1316 2171 θρασυνσμένων

222 2186 408 2275 δποφόρους
429 2191 485 2253 καί
505 2191 648 2254 δουλείαν
672 2184 902 2272 ὁμολογοῦντας
911 2193 1041 2269 βασιλεῖ
1053 2186 1220 2267 Ῥωμαίων
1232 2181 1314 2251 oino-

223 2286 346 2369 δείξων.
387 2286 443 2353 καί
461 2291 594 2354 τοιαῦτα
614 2287 704 2374 ἕτερα
725 2288 826 2355 πολλοὶ
848 2285 1089 2372 προσεπειπών,
1111 2280 1172 2350 ὅσα
1193 2309 1229 2350 τε
1252 2286 1356 2353 uri-ao

222 2387 277 2465 τὰς
306 2391 452 2454 διενοεῖτο
479 2386 626 2473 πράττειν
653 2391 709 2452 καί
736 2390 887 2471 βασιλίδα
918 2381 990 2474 ᾔδει
1020 2381 1199 2449 ἀκούουσαν
1228 2384 1311 2469 πρὸς

222 2484 360 2573 ἧδονῆν,
388 2490 444 2552 καί
472 2492 649 2550 τελευταῖον
669 2482 917 2566 συνταξάμενος,
937 2479 1020 2572 ἐξῄει
1039 2481 1220 2563 Βυζαντίου
1242 2480 1314 2564 ἅμα

223 2585 358 2672 στρατιᾷ
376 2586 432 2649 καί
450 2588 512 2650 τῶν
531 2585 727 2672 εδπατριδῶν
744 2590 889 2666 πολλοῖς,
909 2582 968 2669 τὴν
986 2582 1108 2669 μητέρα
1129 2580 1314 2649 καταλιπων

244 2916 364 2981 eenniis,
383 2915 450 2989 (non
470 2918 542 2970 enim
559 2918 587 2969 in
602 2918 726 2971 triremes
744 2919 884 2973 dumtaxat
901 2916 1027 2989 grandem
1055 2930 1186 2968 summam
1206 2915 1241 2970 de
1260 2930 1311 2968 suo

222 2934 413 3059 impenderat,
430 2986 526 3041 sedin
551 2990 605 3040 alia
626 2997 765 3059 praeterea
784 2991 890 3051 multa,
917 3005 951 3039 ex
971 2987 1072 3057 quibus
1091 2988 1245 3038 eommunis
1264 3002 1311 3037 ea·

223 3067 337 3130 peretur
354 3058 477 3122 utilitas,
494 3059 665 3128 perstudiose
683 3060 890 3131 liberaliterque
908 3067 971 3128 post
997 3065 1110 3109 mortem
1135 3057 1312 3126 imperatoris

223 3126 417 3200 Impendebat)
433 3130 666 3201 hortabaturque,
685 3140 716 3184 ut
733 3131 768 3183 de
785 3132 961 3182 contentione
985 3127 1128 3181 laborandi
1147 3128 1312 3189 remitteret,

224 3215 281 3270 quo
298 3198 372 3252 serre
389 3198 509 3251 laborem
531 3201 633 3252 diutius
653 3209 762 3270 posset,
788 3200 901 3253 sibimet
923 3215 1002 3251 ουτοι
1030 3204 1116 3260 esset,
1141 3215 1157 3248 a
1183 3196 1312 3267 pecuniis

224 3269 281 3321 suis
299 3269 467 3331 abstineret,
490 3267 608 3337 publicis
627 3280 758 3328 uteretur.
793 3269 835 3323 Ad
853 3287 884 3323 ea
904 3270 953 3323 ilie
969 3269 1043 3322 laune
1062 3269 1091 3318 in
1111 3268 1243 3333 modum3
1264 3283 1312 3317 so-

223 3338 309 3393 lidius
335 3356 364 3392 se
391 3337 509 3407 gaudere
539 3339 665 3409 goudium
685 3357 734 3410 pru
758 3340 945 3393 communibus
963 3338 1155 3391 emolumentis
1172 3338 1312 3391 desudan-

224 3415 395 3480 umquam
414 3409 482 3461 allos
502 3408 559 3461 otio
576 3410 768 3481 voluptatique
786 3410 902 3463 deditos.
940 3409 1022 3480 Quod
1039 3424 1103 3461 vero
1122 3405 1157 3458 de
1184 3426 1233 3460 sua
1259 3423 1311 3477 pe·

225 3479 308 3531 cunia
334 3479 364 3531 in
392 3488 531 3547 sumptum
559 3481 709 3546 conferret,
736 3481 765 3532 id
789 3498 844 3534 non
871 3480 1085 3540 detrimentum,
1113 3477 1161 3530 sed
1185 3482 1310 3532 omnium

226 3555 389 3618 quaestuum
407 3564 516 3601 censere
534 3550 773 3603 iucundissimum:
795 3552 882 3604 donee
899 3552 958 3602 Dee
978 3551 1049 3601 bene
1066 3549 1235 3617 sentinante,
1254 3549 1310 3600 lie·

223 3634 368 3671 manorum
396 3617 579 3688 principatum
605 3636 769 3692 magnopere
798 3624 945 3675 exaltatum
976 3630 1004 3674 et
1028 3619 1155 3672 omnibus
1180 3616 1310 3678 hostibus

224 3689 282 3741 suis
305 3691 473 3756 superiorem
496 3699 625 3744 cerneret
668 3692 782 3761 sperare
812 3701 920 3755 autem,
947 3692 1000 3743 nisi
1024 3690 1091 3760 quid
1116 3687 1310 3759 impedimenti

223 3759 420 3822 intervenerit,
438 3761 514 3813 brevi
532 3760 602 3812 adeo
621 3761 748 3814 Romanis
765 3765 957 3830 profuturum,
974 3770 1005 3813 ut
1023 3770 1052 3812 et
1069 3762 1129 3828 ipsa
1146 3759 1309 3827 imperatrix

225 3828 257 3882 id
273 3829 399 3890 intuens,
416 3830 474 3882 Deo
493 3830 627 3888 bonorum
645 3833 748 3884 auctori
766 3836 865 3902 gratias
883 3841 976 3884 actura
994 3832 1039 3882 sit
1067 3832 1128 3882 Non
1147 3830 1221 3881 enim
1242 3843 1309 3898 par-

224 3898 252 3953 vi
279 3901 411 3952 momenti
446 3899 579 3970 quaedam
605 3917 654 3969 per
679 3902 796 3954 hiemem
822 3905 912 3956 moliri
932 3904 1060 3955 efficere:
1093 3907 1189 3968 utpute
1205 3897 1307 3948 multos

225 3976 290 4023 ante
308 3969 477 4026 refractarios
497 3977 526 4023 et
542 3970 655 4024 audaces
674 3988 706 4025 eo
724 3975 893 4035 adacturum,
912 3982 944 4026 ut
961 3989 990 4024 se
1011 3971 1131 4022 Romano
1149 3964 1307 4037 imperatori

223 4039 385 4092 tributarios
407 4048 435 4090 et
451 4040 588 4094 subiectos
605 4045 791 4096 confiteantur.
831 4045 910 4096 Plura
931 4047 959 4095 in
977 4040 1046 4093 hanc
1063 4040 1227 4092 sententiam
1244 4047 1307 4086 nar-

224 4108 320 4172 rabat,
344 4118 374 4162 et
402 4125 472 4180 quae
499 4112 557 4177 ipse
582 4116 707 4167 versabat
732 4115 840 4174 animo,
869 4123 897 4167 et
915 4111 1079 4181 imperatrici
1096 4110 1192 4160 auditu
1210 4106 1306 4174 periu-

224 4178 315 4236 enata
331 4178 391 4235 lore
407 4196 464 4236 non
481 4179 633 4252 ignorabat.
668 4183 732 4254 Qua
749 4184 862 4242 tandem
882 4185 1017 4249 adsuta,
1032 4180 1163 4253 Byzantio
1180 4191 1241 4233 mam
1256 4191 1306 4231 sx-
