<?xml version="1.0" encoding="UTF-8"?>
<!DOCTYPE html PUBLIC "-//W3C//DTD XHTML 1.0 Transitional//EN"
    "http://www.w3.org/TR/xhtml1/DTD/xhtml1-transitional.dtd">
<html xmlns="http://www.w3.org/1999/xhtml" xml:lang="en" lang="en">
 <head>
  <title>
</title>
<meta http-equiv="Content-Type" content="text/html;charset=utf-8" />
  <meta name='ocr-system' content='tesseract 3.04.00' />
  <meta name='ocr-capabilities' content='ocr_page ocr_carea ocr_par ocr_line ocrx_word'/>
</head>
<body>
  <div class='ocr_page' id='page_1' title='image "./ioanniscantacuz02joangoog_0418.png"; bbox 0 0 2934 4700; ppageno 0'>
   <div class='ocr_carea' id='block_1_1' title="bbox 239 279 989 369">
    <p class='ocr_par' dir='ltr' id='par_1_1' title="bbox 239 279 989 369">
     <span class='ocr_line' id='line_1_1' title="bbox 239 279 989 369; baseline 0.001 -2"><span class='ocrx_word' id='word_1_1' title='bbox 239 279 324 367; x_wconf 76' lang='lat'>386</span> <span class='ocrx_word' id='word_1_2' title='bbox 561 301 989 369; x_wconf 59' lang='lat' dir='ltr'>usuracumu·</span> 
     </span>
    </p>
   </div>
   <div class='ocr_carea' id='block_1_2' title="bbox 90 466 1359 2726">
    <p class='ocr_par' dir='ltr' id='par_1_2' title="bbox 90 466 1332 1340">
     <span class='ocr_line' id='line_1_2' title="bbox 90 466 1311 555; baseline -0.01 -13"><span class='ocrx_word' id='word_1_3' title='bbox 90 486 121 541; x_wconf 69' lang='grc' dir='ltr'>Ι,</span> <span class='ocrx_word' id='word_1_4' title='bbox 130 486 161 541; x_wconf 76' lang='lat' dir='ltr'>c.</span> <span class='ocrx_word' id='word_1_5' title='bbox 172 486 294 555; x_wconf 70' lang='lat' dir='ltr'>attium</span> <span class='ocrx_word' id='word_1_6' title='bbox 315 473 507 538; x_wconf 70' lang='grc' dir='ltr'><strong><em>ἀποκνοῦντα</em></strong></span> <span class='ocrx_word' id='word_1_7' title='bbox 522 469 601 554; x_wconf 83' lang='grc' dir='ltr'><strong><em>πρὸς</em></strong></span> <span class='ocrx_word' id='word_1_8' title='bbox 614 469 689 544; x_wconf 82' lang='grc' dir='ltr'><strong><em>τοῦς</em></strong></span> <span class='ocrx_word' id='word_1_9' title='bbox 702 466 832 552; x_wconf 83' lang='grc' dir='ltr'><strong><em>πάνους,</em></strong></span> <span class='ocrx_word' id='word_1_10' title='bbox 854 468 948 534; x_wconf 79' lang='grc' dir='ltr'><strong><em>οῦδὲν</em></strong></span> <span class='ocrx_word' id='word_1_11' title='bbox 966 471 1079 534; x_wconf 76' lang='grc' dir='ltr'><strong><em>διοίσει</em></strong></span> <span class='ocrx_word' id='word_1_12' title='bbox 1093 471 1157 533; x_wconf 70' lang='lat' dir='ltr'>rats</span> <span class='ocrx_word' id='word_1_13' title='bbox 1178 467 1311 541; x_wconf 77' lang='grc' dir='ltr'><strong><em>πολλάν,</em></strong></span> 
     </span>
     <span class='ocr_line' id='line_1_3' title="bbox 236 557 1314 654; baseline -0.012 -15"><span class='ocrx_word' id='word_1_14' title='bbox 236 575 310 638; x_wconf 71' lang='lat' dir='ltr'>ustos</span> <span class='ocrx_word' id='word_1_15' title='bbox 331 574 413 654; x_wconf 79' lang='grc' dir='ltr'><strong><em>μέγα</em></strong></span> <span class='ocrx_word' id='word_1_16' title='bbox 435 595 466 633; x_wconf 90' lang='grc' dir='ltr'>τι</span> <span class='ocrx_word' id='word_1_17' title='bbox 486 569 542 633; x_wconf 81' lang='grc' dir='ltr'><strong><em>καί</em></strong></span> <span class='ocrx_word' id='word_1_18' title='bbox 558 566 652 651; x_wconf 80' lang='grc' dir='ltr'><strong><em>λόγου</em></strong></span> <span class='ocrx_word' id='word_1_19' title='bbox 673 561 760 647; x_wconf 84' lang='grc' dir='ltr'><strong><em>άξιον</em></strong></span> <span class='ocrx_word' id='word_1_20' title='bbox 782 566 1010 652; x_wconf 70' lang='grc' dir='ltr'>κατορθώσειεν</span> <span class='ocrx_word' id='word_1_21' title='bbox 1031 560 1071 632; x_wconf 83' lang='grc' dir='ltr'><strong><em>άν</em></strong></span> <span class='ocrx_word' id='word_1_22' title='bbox 1089 588 1175 631; x_wconf 83' lang='grc' dir='ltr'><strong><em>ποτε.</em></strong></span> <span class='ocrx_word' id='word_1_23' title='bbox 1214 557 1253 627; x_wconf 82' lang='grc' dir='ltr'><strong><em>άν</em></strong></span> <span class='ocrx_word' id='word_1_24' title='bbox 1275 563 1314 626; x_wconf 77' lang='grc' dir='ltr'>δδ</span> 
     </span>
     <span class='ocr_line' id='line_1_4' title="bbox 235 657 1313 753; baseline -0.007 -19"><span class='ocrx_word' id='word_1_25' title='bbox 235 662 291 735; x_wconf 83' lang='grc' dir='ltr'><strong><em>καί</em></strong></span> <span class='ocrx_word' id='word_1_26' title='bbox 323 671 401 752; x_wconf 85' lang='grc' dir='ltr'><strong><em>περί</em></strong></span> <span class='ocrx_word' id='word_1_27' title='bbox 426 691 520 733; x_wconf 85' lang='grc' dir='ltr'><strong><em>τινων</em></strong></span> <span class='ocrx_word' id='word_1_28' title='bbox 543 667 690 749; x_wconf 79' lang='grc' dir='ltr'>μεγάλων</span> <span class='ocrx_word' id='word_1_29' title='bbox 710 657 732 753; x_wconf 79' lang='grc' dir='ltr'><em>ᾗ</em></span> <span class='ocrx_word' id='word_1_30' title='bbox 753 664 772 750; x_wconf 79' lang='grc' dir='ltr'><em>ἧ</em></span> <span class='ocrx_word' id='word_1_31' title='bbox 794 667 988 751; x_wconf 69' lang='grc' dir='ltr'>ἐπιχείρησις</span> <span class='ocrx_word' id='word_1_32' title='bbox 1007 668 1061 730; x_wconf 85' lang='grc' dir='ltr'><strong><em>καί</em></strong></span> <span class='ocrx_word' id='word_1_33' title='bbox 1088 659 1313 748; x_wconf 68' lang='grc' dir='ltr'><strong><em>ἧπαρασιιευά</em></strong></span> 
     </span>
     <span class='ocr_line' id='line_1_5' title="bbox 234 763 1313 852; baseline -0.008 -18"><span class='ocrx_word' id='word_1_34' title='bbox 234 772 401 849; x_wconf 84' lang='grc' dir='ltr'><strong><em>θαυμασία</em></strong></span> <span class='ocrx_word' id='word_1_35' title='bbox 423 765 477 831; x_wconf 83' lang='grc' dir='ltr'><strong><em>καί</em></strong></span> <span class='ocrx_word' id='word_1_36' title='bbox 494 765 615 849; x_wconf 83' lang='grc' dir='ltr'><strong><em>μεγάλη</em></strong></span> <span class='ocrx_word' id='word_1_37' title='bbox 633 765 653 847; x_wconf 83' lang='grc' dir='ltr'><em>ἦ</em></span> <span class='ocrx_word' id='word_1_38' title='bbox 675 765 820 848; x_wconf 83' lang='grc' dir='ltr'><strong><em>δαπάνη,</em></strong></span> <span class='ocrx_word' id='word_1_39' title='bbox 853 763 961 828; x_wconf 80' lang='grc' dir='ltr'><strong><em>ἔπειτα</em></strong></span> <span class='ocrx_word' id='word_1_40' title='bbox 981 763 1115 852; x_wconf 63' lang='grc' dir='ltr'><strong><em>άβουλιζι</em></strong></span> <span class='ocrx_word' id='word_1_41' title='bbox 1138 764 1197 826; x_wconf 84' lang='grc' dir='ltr'>τοῦ</span> <span class='ocrx_word' id='word_1_42' title='bbox 1215 784 1313 843; x_wconf 72' lang='lat' dir='ltr'>otoo·</span> 
     </span>
     <span class='ocr_line' id='line_1_6' title="bbox 234 857 1332 954; baseline -0.006 -20"><span class='ocrx_word' id='word_1_43' title='bbox 234 869 331 954; x_wconf 85' lang='grc' dir='ltr'><strong><em>τηγοῦ</em></strong></span> <span class='ocrx_word' id='word_1_44' title='bbox 362 864 416 931; x_wconf 84' lang='grc' dir='ltr'><strong><em>καί</em></strong></span> <span class='ocrx_word' id='word_1_45' title='bbox 445 864 578 950; x_wconf 77' lang='grc' dir='ltr'><strong><em>άτολμίρ</em></strong></span> <span class='ocrx_word' id='word_1_46' title='bbox 613 864 712 948; x_wconf 79' lang='grc' dir='ltr'><strong><em>μηδὲν</em></strong></span> <span class='ocrx_word' id='word_1_47' title='bbox 748 857 834 941; x_wconf 85' lang='grc' dir='ltr'><strong><em>άξιον</em></strong></span> <span class='ocrx_word' id='word_1_48' title='bbox 855 858 969 947; x_wconf 75' lang='grc' dir='ltr'><strong><em>ἑαυτῆς</em></strong></span> <span class='ocrx_word' id='word_1_49' title='bbox 1005 864 1024 946; x_wconf 78' lang='grc' dir='ltr'><em>ἦ</em></span> <span class='ocrx_word' id='word_1_50' title='bbox 1051 858 1182 945; x_wconf 89' lang='grc' dir='ltr'><strong><em>στρατιά</em></strong></span> <span class='ocrx_word' id='word_1_51' title='bbox 1211 861 1332 942; x_wconf 69' lang='grc' dir='ltr'><strong><em>ἐκείνηδ</em></strong></span> 
     </span>
     <span class='ocr_line' id='line_1_7' title="bbox 234 960 1313 1053; baseline -0.011 -20"><span class='ocrx_word' id='word_1_52' title='bbox 234 965 369 1053; x_wconf 79' lang='grc' dir='ltr'><strong><em>πράττη,</em></strong></span> <span class='ocrx_word' id='word_1_53' title='bbox 397 965 437 1027; x_wconf 79' lang='grc' dir='ltr'>σά</span> <span class='ocrx_word' id='word_1_54' title='bbox 463 960 551 1045; x_wconf 86' lang='grc' dir='ltr'><strong><em>παρά</em></strong></span> <span class='ocrx_word' id='word_1_55' title='bbox 570 963 633 1028; x_wconf 83' lang='grc' dir='ltr'><strong><em>τιῦν</em></strong></span> <span class='ocrx_word' id='word_1_56' title='bbox 656 961 761 1028; x_wconf 73' lang='grc' dir='ltr'><strong><em>ἄλλων</em></strong></span> <span class='ocrx_word' id='word_1_57' title='bbox 794 960 890 1043; x_wconf 80' lang='grc' dir='ltr'><strong><em>μόνον</em></strong></span> <span class='ocrx_word' id='word_1_58' title='bbox 903 1014 913 1045; x_wconf 91' lang='grc'><strong><em>,</em></strong></span> <span class='ocrx_word' id='word_1_59' title='bbox 936 960 1018 1026; x_wconf 87' lang='grc' dir='ltr'><strong><em>άλλά</em></strong></span> <span class='ocrx_word' id='word_1_60' title='bbox 1041 964 1097 1026; x_wconf 87' lang='grc' dir='ltr'><strong><em>καί</em></strong></span> <span class='ocrx_word' id='word_1_61' title='bbox 1115 962 1188 1044; x_wconf 83' lang='grc' dir='ltr'><strong><em>παρ’</em></strong></span> <span class='ocrx_word' id='word_1_62' title='bbox 1197 960 1313 1040; x_wconf 65' lang='grc' dir='ltr'><strong><em>αὐτῶν,</em></strong></span> 
     </span>
     <span class='ocr_line' id='line_1_8' title="bbox 235 1056 1312 1146; baseline -0.011 -15"><span class='ocrx_word' id='word_1_63' title='bbox 235 1058 281 1131; x_wconf 76' lang='lat' dir='ltr'>sir</span> <span class='ocrx_word' id='word_1_64' title='bbox 311 1057 397 1146; x_wconf 85' lang='grc' dir='ltr'><strong><em>άγει,</em></strong></span> <span class='ocrx_word' id='word_1_65' title='bbox 425 1060 524 1126; x_wconf 87' lang='grc' dir='ltr'><strong><em>πολλά</em></strong></span> <span class='ocrx_word' id='word_1_66' title='bbox 557 1059 676 1135; x_wconf 86' lang='grc' dir='ltr'><strong><em>δίκαιος</em></strong></span> <span class='ocrx_word' id='word_1_67' title='bbox 705 1062 920 1144; x_wconf 82' lang='grc' dir='ltr'><strong><em>λοιδορεῖσθαι</em></strong></span> <span class='ocrx_word' id='word_1_68' title='bbox 946 1060 1002 1125; x_wconf 88' lang='grc' dir='ltr'><strong><em>καί</em></strong></span> <span class='ocrx_word' id='word_1_69' title='bbox 1029 1056 1312 1142; x_wconf 71' lang='grc' dir='ltr'><strong><em>περιυβριζεσθαιι</em></strong></span> 
     </span>
     <span class='ocr_line' id='line_1_9' title="bbox 235 1156 1312 1249; baseline -0.01 -20"><span class='ocrx_word' id='word_1_70' title='bbox 235 1160 343 1249; x_wconf 77' lang='grc' dir='ltr'><strong><em>ὅτιτῇ</em></strong></span> <span class='ocrx_word' id='word_1_71' title='bbox 367 1163 504 1248; x_wconf 73' lang='grc' dir='ltr'><strong><em>σφετέρᾳ</em></strong></span> <span class='ocrx_word' id='word_1_72' title='bbox 526 1163 657 1249; x_wconf 76' lang='grc' dir='ltr'><strong><em>άτολμίρ</em></strong></span> <span class='ocrx_word' id='word_1_73' title='bbox 670 1160 733 1224; x_wconf 86' lang='grc' dir='ltr'><strong><em>τοῦν</em></strong></span> <span class='ocrx_word' id='word_1_74' title='bbox 753 1161 789 1223; x_wconf 75' lang='grc' dir='ltr'>ἐκ</span> <span class='ocrx_word' id='word_1_75' title='bbox 807 1164 869 1225; x_wconf 76' lang='grc' dir='ltr'>τῶν</span> <span class='ocrx_word' id='word_1_76' title='bbox 891 1156 992 1245; x_wconf 77' lang='grc' dir='ltr'><strong><em>ἔργων</em></strong></span> <span class='ocrx_word' id='word_1_77' title='bbox 1014 1162 1149 1223; x_wconf 77' lang='grc' dir='ltr'><strong><em>ἐπαίνων</em></strong></span> <span class='ocrx_word' id='word_1_78' title='bbox 1168 1156 1225 1220; x_wconf 84' lang='grc' dir='ltr'><strong><em>καί</em></strong></span> <span class='ocrx_word' id='word_1_79' title='bbox 1247 1157 1312 1219; x_wconf 84' lang='grc' dir='ltr'><strong><em>τοῦν</em></strong></span> 
     </span>
     <span class='ocr_line' id='line_1_10' title="bbox 236 1246 1315 1340; baseline -0.009 -13"><span class='ocrx_word' id='word_1_80' title='bbox 236 1254 344 1327; x_wconf 72' lang='grc' dir='ltr'><strong><em>ἄθλιον</em></strong></span> <span class='ocrx_word' id='word_1_81' title='bbox 362 1262 424 1325; x_wconf 78' lang='grc' dir='ltr'>τῶν</span> <span class='ocrx_word' id='word_1_82' title='bbox 447 1257 508 1323; x_wconf 82' lang='grc' dir='ltr'><strong><em>α’πὸ</em></strong></span> <span class='ocrx_word' id='word_1_83' title='bbox 539 1260 602 1324; x_wconf 81' lang='grc' dir='ltr'>τάν</span> <span class='ocrx_word' id='word_1_84' title='bbox 632 1258 733 1323; x_wconf 84' lang='grc' dir='ltr'><strong><em>πόνων</em></strong></span> <span class='ocrx_word' id='word_1_85' title='bbox 765 1257 882 1334; x_wconf 84' lang='grc' dir='ltr'><strong><em>ου’τοῦς</em></strong></span> <span class='ocrx_word' id='word_1_86' title='bbox 914 1254 1091 1340; x_wconf 84' lang='grc' dir='ltr'><strong><em>άπσστερεῖ.</em></strong></span> <span class='ocrx_word' id='word_1_87' title='bbox 1130 1253 1233 1340; x_wconf 77' lang='grc' dir='ltr'><strong><em>ἡμὲν</em></strong></span> <span class='ocrx_word' id='word_1_88' title='bbox 1258 1246 1315 1317; x_wconf 76' lang='grc' dir='ltr'><strong><em>οῦν</em></strong></span> 
     </span>
    </p>

    <p class='ocr_par' dir='ltr' id='par_1_3' title="bbox 138 1354 1353 1836">
     <span class='ocr_line' id='line_1_11' title="bbox 138 1354 1353 1441; baseline -0.005 -16"><span class='ocrx_word' id='word_1_89' title='bbox 138 1379 167 1434; x_wconf 72' lang='lat'>1³.</span> <span class='ocrx_word' id='word_1_90' title='bbox 177 1378 227 1434; x_wconf 73' lang='lat'>565</span> <span class='ocrx_word' id='word_1_91' title='bbox 237 1357 392 1434; x_wconf 81' lang='grc' dir='ltr'><strong><em>ῦπόθεσις</em></strong></span> <span class='ocrx_word' id='word_1_92' title='bbox 411 1361 467 1440; x_wconf 82' lang='grc' dir='ltr'>τῆς</span> <span class='ocrx_word' id='word_1_93' title='bbox 488 1355 640 1441; x_wconf 76' lang='grc' dir='ltr'><strong><em>ἡμετέρας</em></strong></span> <span class='ocrx_word' id='word_1_94' title='bbox 660 1361 826 1441; x_wconf 82' lang='grc' dir='ltr'><strong><em>στρατείας</em></strong></span> <span class='ocrx_word' id='word_1_95' title='bbox 847 1359 984 1441; x_wconf 83' lang='grc' dir='ltr'><strong><em>ταυτησί</em></strong></span> <span class='ocrx_word' id='word_1_96' title='bbox 1007 1355 1142 1437; x_wconf 78' lang='grc' dir='ltr'><strong><em>οάδεμία</em></strong></span> <span class='ocrx_word' id='word_1_97' title='bbox 1162 1361 1210 1429; x_wconf 86' lang='grc' dir='ltr'>τίς</span> <span class='ocrx_word' id='word_1_98' title='bbox 1231 1354 1353 1419; x_wconf 79' lang='grc' dir='ltr'><strong><em>ἕστιντο</em></strong></span> 
     </span>
     <span class='ocr_line' id='line_1_12' title="bbox 236 1448 1314 1545; baseline -0.01 -21"><span class='ocrx_word' id='word_1_99' title='bbox 236 1454 339 1541; x_wconf 72' lang='grc' dir='ltr'><strong><em>ἑτέρα,</em></strong></span> <span class='ocrx_word' id='word_1_100' title='bbox 361 1451 383 1541; x_wconf 82' lang='grc' dir='ltr'><em>ἢ</em></span> <span class='ocrx_word' id='word_1_101' title='bbox 401 1461 531 1539; x_wconf 80' lang='grc' dir='ltr'><strong><em>βασιλεῖ</em></strong></span> <span class='ocrx_word' id='word_1_102' title='bbox 545 1461 589 1542; x_wconf 77' lang='grc' dir='ltr'>τῷ</span> <span class='ocrx_word' id='word_1_103' title='bbox 601 1460 852 1545; x_wconf 72' lang='grc' dir='ltr'><strong><em>Καντακουζηνρῖ</em></strong></span> <span class='ocrx_word' id='word_1_104' title='bbox 872 1453 959 1541; x_wconf 77' lang='grc' dir='ltr'><strong><em>ἥκειν</em></strong></span> <span class='ocrx_word' id='word_1_105' title='bbox 978 1456 1033 1521; x_wconf 85' lang='grc' dir='ltr'><strong><em>ε’πί</em></strong></span> <span class='ocrx_word' id='word_1_106' title='bbox 1054 1459 1232 1541; x_wconf 72' lang='grc' dir='ltr'><strong><em>σομμαχάρ,</em></strong></span> <span class='ocrx_word' id='word_1_107' title='bbox 1252 1448 1314 1515; x_wconf 67' lang='lat' dir='ltr'>int</span> 
     </span>
     <span class='ocr_line' id='line_1_13' title="bbox 231 1548 1317 1644; baseline -0.009 -21"><span class='ocrx_word' id='word_1_108' title='bbox 231 1556 398 1638; x_wconf 81' lang='grc' dir='ltr'><strong><em>Ῥωμαίων</em></strong></span> <span class='ocrx_word' id='word_1_109' title='bbox 417 1557 503 1640; x_wconf 79' lang='grc' dir='ltr'><strong><em>κοινῇ</em></strong></span> <span class='ocrx_word' id='word_1_110' title='bbox 525 1557 745 1644; x_wconf 71' lang='grc' dir='ltr'><strong><em>πολεμουμένῳ</em></strong></span> <span class='ocrx_word' id='word_1_111' title='bbox 769 1554 823 1620; x_wconf 86' lang='grc' dir='ltr'><strong><em>διά</em></strong></span> <span class='ocrx_word' id='word_1_112' title='bbox 848 1552 986 1641; x_wconf 79' lang='grc' dir='ltr'><strong><em>φθάνον,</em></strong></span> <span class='ocrx_word' id='word_1_113' title='bbox 1011 1551 1065 1617; x_wconf 86' lang='grc' dir='ltr'><strong><em>καί</em></strong></span> <span class='ocrx_word' id='word_1_114' title='bbox 1085 1548 1238 1635; x_wconf 88' lang='grc' dir='ltr'><strong><em>πρότερον</em></strong></span> <span class='ocrx_word' id='word_1_115' title='bbox 1258 1550 1317 1631; x_wconf 73' lang='grc' dir='ltr'>μὲν</span> 
     </span>
     <span class='ocr_line' id='line_1_14' title="bbox 234 1646 1319 1740; baseline -0.007 -21"><span class='ocrx_word' id='word_1_116' title='bbox 234 1654 348 1739; x_wconf 84' lang='grc' dir='ltr'><strong><em>χρόνον</em></strong></span> <span class='ocrx_word' id='word_1_117' title='bbox 368 1646 428 1737; x_wconf 80' lang='grc' dir='ltr'>ἤδη</span> <span class='ocrx_word' id='word_1_118' title='bbox 450 1651 548 1719; x_wconf 76' lang='grc' dir='ltr'><strong><em>πολὺν</em></strong></span> <span class='ocrx_word' id='word_1_119' title='bbox 569 1652 623 1718; x_wconf 75' lang='grc' dir='ltr'><strong><em>ἐπί</em></strong></span> <span class='ocrx_word' id='word_1_120' title='bbox 644 1652 820 1739; x_wconf 78' lang='grc' dir='ltr'><strong><em>Τριβαλοῦς</em></strong></span> <span class='ocrx_word' id='word_1_121' title='bbox 839 1653 994 1740; x_wconf 81' lang='grc' dir='ltr'><strong><em>άπερορίιρ</em></strong></span> <span class='ocrx_word' id='word_1_122' title='bbox 1010 1651 1224 1735; x_wconf 84' lang='grc' dir='ltr'><strong><em>διατρίψανττ,</em></strong></span> <span class='ocrx_word' id='word_1_123' title='bbox 1247 1648 1319 1711; x_wconf 73' lang='grc' dir='ltr'><strong><em>νοντ’</em></strong></span> 
     </span>
     <span class='ocr_line' id='line_1_15' title="bbox 239 1744 1318 1836; baseline -0.006 -20"><span class='ocrx_word' id='word_1_124' title='bbox 239 1755 275 1816; x_wconf 79' lang='grc' dir='ltr'>δὲ</span> <span class='ocrx_word' id='word_1_125' title='bbox 289 1744 352 1835; x_wconf 79' lang='grc' dir='ltr'>ἤδη</span> <span class='ocrx_word' id='word_1_126' title='bbox 365 1754 444 1815; x_wconf 87' lang='grc' dir='ltr'><strong><em>θεοῦ</em></strong></span> <span class='ocrx_word' id='word_1_127' title='bbox 455 1753 512 1816; x_wconf 89' lang='grc' dir='ltr'>τοῦ</span> <span class='ocrx_word' id='word_1_128' title='bbox 531 1748 668 1834; x_wconf 78' lang='grc' dir='ltr'><strong><em>μεγάλου</em></strong></span> <span class='ocrx_word' id='word_1_129' title='bbox 685 1750 765 1836; x_wconf 80' lang='grc' dir='ltr'><strong><em>πρὸς</em></strong></span> <span class='ocrx_word' id='word_1_130' title='bbox 785 1749 841 1834; x_wconf 75' lang='grc' dir='ltr'>τὴν</span> <span class='ocrx_word' id='word_1_131' title='bbox 855 1751 1022 1832; x_wconf 83' lang='grc' dir='ltr'><strong><em>Ῥωμαίων</em></strong></span> <span class='ocrx_word' id='word_1_132' title='bbox 1041 1746 1223 1832; x_wconf 71' lang='grc' dir='ltr'><strong><em>ἐπανήκοντι</em></strong></span> <span class='ocrx_word' id='word_1_133' title='bbox 1241 1769 1318 1810; x_wconf 83' lang='grc' dir='ltr'><strong><em>συν-</em></strong></span> 
     </span>
    </p>

    <p class='ocr_par' dir='ltr' id='par_1_4' title="bbox 239 1843 1357 2332">
     <span class='ocr_line' id='line_1_16' title="bbox 239 1843 1357 1938; baseline -0.004 -20"><span class='ocrx_word' id='word_1_134' title='bbox 239 1857 427 1938; x_wconf 77' lang='grc' dir='ltr'><strong><em>αιρομένου,</em></strong></span> <span class='ocrx_word' id='word_1_135' title='bbox 449 1851 503 1916; x_wconf 81' lang='grc' dir='ltr'><strong><em>καί</em></strong></span> <span class='ocrx_word' id='word_1_136' title='bbox 521 1850 628 1927; x_wconf 81' lang='grc' dir='ltr'><strong><em>πόλεις</em></strong></span> <span class='ocrx_word' id='word_1_137' title='bbox 649 1849 766 1926; x_wconf 88' lang='grc' dir='ltr'><strong><em>πολλάς</em></strong></span> <span class='ocrx_word' id='word_1_138' title='bbox 786 1855 842 1915; x_wconf 83' lang='grc' dir='ltr'><strong><em>καί</em></strong></span> <span class='ocrx_word' id='word_1_139' title='bbox 860 1847 969 1934; x_wconf 74' lang='grc' dir='ltr'><strong><em>χώραν</em></strong></span> <span class='ocrx_word' id='word_1_140' title='bbox 990 1848 1047 1913; x_wconf 80' lang='grc' dir='ltr'>οῦκ</span> <span class='ocrx_word' id='word_1_141' title='bbox 1070 1846 1195 1930; x_wconf 81' lang='grc' dir='ltr'><strong><em>ὀλίγην,</em></strong></span> <span class='ocrx_word' id='word_1_142' title='bbox 1215 1843 1259 1920; x_wconf 65' lang='lat' dir='ltr'>sic</span> <span class='ocrx_word' id='word_1_143' title='bbox 1279 1843 1357 1914; x_wconf 52' lang='lat'>&amp;15</span> 
     </span>
     <span class='ocr_line' id='line_1_17' title="bbox 239 1942 1318 2038; baseline -0.009 -22"><span class='ocrx_word' id='word_1_144' title='bbox 239 1954 381 2033; x_wconf 83' lang='grc' dir='ltr'><strong><em>κοάσμεν,</em></strong></span> <span class='ocrx_word' id='word_1_145' title='bbox 401 1950 460 2037; x_wconf 75' lang='grc' dir='ltr'>ὑφ’</span> <span class='ocrx_word' id='word_1_146' title='bbox 480 1946 582 2038; x_wconf 73' lang='grc' dir='ltr'><strong><em>ἑαυτῷ</em></strong></span> <span class='ocrx_word' id='word_1_147' title='bbox 602 1953 808 2037; x_wconf 75' lang='grc' dir='ltr'><strong><em>πεποιημένῳ.</em></strong></span> <span class='ocrx_word' id='word_1_148' title='bbox 848 1952 1014 2031; x_wconf 82' lang='grc' dir='ltr'><strong><em>συμβαίνει</em></strong></span> <span class='ocrx_word' id='word_1_149' title='bbox 1035 1951 1084 2028; x_wconf 83' lang='grc' dir='ltr'>δὲ,</span> <span class='ocrx_word' id='word_1_150' title='bbox 1106 1942 1211 2029; x_wconf 73' lang='grc' dir='ltr'><strong><em>ὥσπερ</em></strong></span> <span class='ocrx_word' id='word_1_151' title='bbox 1234 1943 1318 2028; x_wconf 78' lang='grc' dir='ltr'><strong><em>δρά-</em></strong></span> 
     </span>
     <span class='ocr_line' id='line_1_18' title="bbox 239 2045 1321 2134; baseline -0.009 -18"><span class='ocrx_word' id='word_1_152' title='bbox 239 2076 306 2134; x_wconf 86' lang='grc' dir='ltr'><strong><em>μεν,</em></strong></span> <span class='ocrx_word' id='word_1_153' title='bbox 321 2049 437 2115; x_wconf 81' lang='grc' dir='ltr'><strong><em>ἐκεῖνόν</em></strong></span> <span class='ocrx_word' id='word_1_154' title='bbox 455 2071 488 2112; x_wconf 89' lang='grc' dir='ltr'>τε</span> <span class='ocrx_word' id='word_1_155' title='bbox 512 2048 604 2113; x_wconf 76' lang='grc' dir='ltr'><strong><em>οῦδὲν</em></strong></span> <span class='ocrx_word' id='word_1_156' title='bbox 622 2048 711 2132; x_wconf 77' lang='grc' dir='ltr'><strong><em>ἡμῶν</em></strong></span> <span class='ocrx_word' id='word_1_157' title='bbox 728 2048 974 2112; x_wconf 72' lang='grc' dir='ltr'><strong><em>ἀπολελαυκέναι</em></strong></span> <span class='ocrx_word' id='word_1_158' title='bbox 994 2049 1051 2128; x_wconf 76' lang='grc' dir='ltr'>τῆς</span> <span class='ocrx_word' id='word_1_159' title='bbox 1071 2047 1244 2126; x_wconf 80' lang='grc' dir='ltr'><strong><em>δυνάμεως,</em></strong></span> <span class='ocrx_word' id='word_1_160' title='bbox 1264 2045 1321 2107; x_wconf 76' lang='grc' dir='ltr'><strong><em>καί</em></strong></span> 
     </span>
     <span class='ocr_line' id='line_1_19' title="bbox 241 2141 1320 2234; baseline -0.008 -21"><span class='ocrx_word' id='word_1_161' title='bbox 241 2150 327 2234; x_wconf 78' lang='grc' dir='ltr'><strong><em>ἡμᾶς</em></strong></span> <span class='ocrx_word' id='word_1_162' title='bbox 356 2151 425 2232; x_wconf 75' lang='grc' dir='ltr'><strong><em>εἰκῆ</em></strong></span> <span class='ocrx_word' id='word_1_163' title='bbox 452 2150 507 2212; x_wconf 84' lang='grc' dir='ltr'><strong><em>καί</em></strong></span> <span class='ocrx_word' id='word_1_164' title='bbox 533 2144 637 2232; x_wconf 87' lang='grc' dir='ltr'><strong><em>μάτην</em></strong></span> <span class='ocrx_word' id='word_1_165' title='bbox 665 2148 721 2211; x_wconf 83' lang='grc' dir='ltr'>τὸν</span> <span class='ocrx_word' id='word_1_166' title='bbox 741 2149 888 2212; x_wconf 89' lang='grc' dir='ltr'><strong><em>τοσοῦτον</em></strong></span> <span class='ocrx_word' id='word_1_167' title='bbox 906 2149 1006 2209; x_wconf 82' lang='grc' dir='ltr'><strong><em>πλοῦν</em></strong></span> <span class='ocrx_word' id='word_1_168' title='bbox 1027 2147 1082 2208; x_wconf 87' lang='grc' dir='ltr'><strong><em>καί</em></strong></span> <span class='ocrx_word' id='word_1_169' title='bbox 1100 2141 1159 2226; x_wconf 73' lang='grc' dir='ltr'>τὴν</span> <span class='ocrx_word' id='word_1_170' title='bbox 1178 2142 1320 2224; x_wconf 80' lang='grc' dir='ltr'><strong><em>δαπάνην</em></strong></span> 
     </span>
     <span class='ocr_line' id='line_1_20' title="bbox 243 2236 1320 2332; baseline -0.009 -19"><span class='ocrx_word' id='word_1_171' title='bbox 243 2250 447 2332; x_wconf 72' lang='grc' dir='ltr'><strong><em>πεποιῆσθαι.</em></strong></span> <span class='ocrx_word' id='word_1_172' title='bbox 497 2244 531 2311; x_wconf 87' lang='grc' dir='ltr'>τδ</span> <span class='ocrx_word' id='word_1_173' title='bbox 562 2249 620 2325; x_wconf 73' lang='grc' dir='ltr'>μὲν</span> <span class='ocrx_word' id='word_1_174' title='bbox 653 2240 709 2310; x_wconf 77' lang='grc' dir='ltr'><strong><em>οῦν</em></strong></span> <span class='ocrx_word' id='word_1_175' title='bbox 728 2244 809 2330; x_wconf 74' lang='grc' dir='ltr'><strong><em>ὑπὲρ</em></strong></span> <span class='ocrx_word' id='word_1_176' title='bbox 831 2245 950 2310; x_wconf 77' lang='grc' dir='ltr'><strong><em>ἐκείνου</em></strong></span> <span class='ocrx_word' id='word_1_177' title='bbox 971 2239 1173 2318; x_wconf 65' lang='grc' dir='ltr'><strong><em>κινδυνεύειν,</em></strong></span> <span class='ocrx_word' id='word_1_178' title='bbox 1196 2237 1239 2315; x_wconf 83' lang='grc' dir='ltr'>οῦς</span> <span class='ocrx_word' id='word_1_179' title='bbox 1260 2236 1320 2328; x_wconf 64' lang='lat' dir='ltr'>(iu-</span> 
     </span>
    </p>

    <p class='ocr_par' dir='ltr' id='par_1_5' title="bbox 197 2332 1359 2726">
     <span class='ocr_line' id='line_1_21' title="bbox 197 2332 1359 2433; baseline -0.003 -24"><span class='ocrx_word' id='word_1_180' title='bbox 197 2332 361 2433; x_wconf 68' lang='grc' dir='ltr'>ιλοστάνης</span> <span class='ocrx_word' id='word_1_181' title='bbox 381 2351 491 2431; x_wconf 85' lang='grc' dir='ltr'><strong><em>’πάσης</em></strong></span> <span class='ocrx_word' id='word_1_182' title='bbox 517 2341 608 2431; x_wconf 77' lang='grc' dir='ltr'><strong><em>ἥδιον</em></strong></span> <span class='ocrx_word' id='word_1_183' title='bbox 627 2349 683 2411; x_wconf 88' lang='grc' dir='ltr'><strong><em>καί</em></strong></span> <span class='ocrx_word' id='word_1_184' title='bbox 700 2343 817 2430; x_wconf 65' lang='grc' dir='ltr'><strong><em>πολλάν</em></strong></span> <span class='ocrx_word' id='word_1_185' title='bbox 836 2342 912 2428; x_wconf 80' lang='grc' dir='ltr'><strong><em>ἡμῖν</em></strong></span> <span class='ocrx_word' id='word_1_186' title='bbox 931 2342 1009 2409; x_wconf 84' lang='grc' dir='ltr'><strong><em>οἴσει</em></strong></span> <span class='ocrx_word' id='word_1_187' title='bbox 1029 2342 1086 2426; x_wconf 79' lang='grc' dir='ltr'>την</span> <span class='ocrx_word' id='word_1_188' title='bbox 1104 2342 1247 2418; x_wconf 72' lang='grc' dir='ltr'><strong><em>εὐδοξίαν</em></strong></span> <span class='ocrx_word' id='word_1_189' title='bbox 1266 2336 1359 2406; x_wconf 68' lang='grc' dir='ltr'><strong><em>καίεο</em></strong></span> 
     </span>
     <span class='ocr_line' id='line_1_22' title="bbox 241 2436 1322 2529; baseline -0.008 -18"><span class='ocrx_word' id='word_1_190' title='bbox 241 2447 278 2512; x_wconf 83' lang='grc' dir='ltr'>τὸ</span> <span class='ocrx_word' id='word_1_191' title='bbox 299 2449 526 2527; x_wconf 84' lang='grc' dir='ltr'><strong><em>θαυμάζεσθαι</em></strong></span> <span class='ocrx_word' id='word_1_192' title='bbox 548 2445 635 2529; x_wconf 86' lang='grc' dir='ltr'><strong><em>παρά</em></strong></span> <span class='ocrx_word' id='word_1_193' title='bbox 655 2442 794 2528; x_wconf 78' lang='grc' dir='ltr'><strong><em>πάντων,</em></strong></span> <span class='ocrx_word' id='word_1_194' title='bbox 818 2446 872 2508; x_wconf 87' lang='grc' dir='ltr'><strong><em>καί</em></strong></span> <span class='ocrx_word' id='word_1_195' title='bbox 890 2445 981 2525; x_wconf 82' lang='grc' dir='ltr'>ῦμεῖς</span> <span class='ocrx_word' id='word_1_196' title='bbox 999 2440 1101 2527; x_wconf 81' lang='grc' dir='ltr'><strong><em>ἔργοις</em></strong></span> <span class='ocrx_word' id='word_1_197' title='bbox 1122 2443 1230 2516; x_wconf 69' lang='grc' dir='ltr'><strong><em>αὐτοῖς</em></strong></span> <span class='ocrx_word' id='word_1_198' title='bbox 1248 2436 1322 2519; x_wconf 78' lang='grc' dir='ltr'><strong><em>ἐμοί</em></strong></span> 
     </span>
     <span class='ocr_line' id='line_1_23' title="bbox 244 2540 1320 2630; baseline -0.008 -20"><span class='ocrx_word' id='word_1_199' title='bbox 244 2554 508 2628; x_wconf 84' lang='grc' dir='ltr'><strong><em>συμμαρτυρεῖτε.</em></strong></span> <span class='ocrx_word' id='word_1_200' title='bbox 550 2540 779 2630; x_wconf 88' lang='grc' dir='ltr'><strong><em>προθυμότατα</em></strong></span> <span class='ocrx_word' id='word_1_201' title='bbox 797 2541 858 2628; x_wconf 87' lang='grc' dir='ltr'><strong><em>γάρ</em></strong></span> <span class='ocrx_word' id='word_1_202' title='bbox 879 2540 1163 2628; x_wconf 70' lang='grc' dir='ltr'><strong><em>συνεστρατεύσατε</em></strong></span> <span class='ocrx_word' id='word_1_203' title='bbox 1186 2544 1242 2608; x_wconf 82' lang='grc' dir='ltr'><strong><em>καί</em></strong></span> <span class='ocrx_word' id='word_1_204' title='bbox 1260 2542 1320 2605; x_wconf 90' lang='grc' dir='ltr'>ουίι</span> 
     </span>
     <span class='ocr_line' id='line_1_24' title="bbox 244 2637 1320 2726; baseline -0.002 -22"><span class='ocrx_word' id='word_1_205' title='bbox 244 2641 490 2725; x_wconf 68' lang='grc' dir='ltr'><strong><em>ἀναγκαζόμενοι</em></strong></span> <span class='ocrx_word' id='word_1_206' title='bbox 516 2637 568 2705; x_wconf 73' lang='grc' dir='ltr'><strong><em>ὑπ’</em></strong></span> <span class='ocrx_word' id='word_1_207' title='bbox 597 2643 688 2726; x_wconf 74' lang='grc' dir='ltr'><strong><em>ἐμοῦ,</em></strong></span> <span class='ocrx_word' id='word_1_208' title='bbox 718 2643 786 2707; x_wconf 76' lang='grc' dir='ltr'>ἄλλ’</span> <span class='ocrx_word' id='word_1_209' title='bbox 812 2644 842 2708; x_wconf 78' lang='grc' dir='ltr'>εί</span> <span class='ocrx_word' id='word_1_210' title='bbox 871 2644 926 2708; x_wconf 73' lang='grc' dir='ltr'>δεῖ</span> <span class='ocrx_word' id='word_1_211' title='bbox 947 2666 978 2708; x_wconf 89' lang='grc' dir='ltr'>τι</span> <span class='ocrx_word' id='word_1_212' title='bbox 1007 2641 1064 2708; x_wconf 84' lang='grc' dir='ltr'><strong><em>καί</em></strong></span> <span class='ocrx_word' id='word_1_213' title='bbox 1083 2642 1191 2724; x_wconf 76' lang='grc' dir='ltr'><strong><em>μεῖζον</em></strong></span> <span class='ocrx_word' id='word_1_214' title='bbox 1211 2640 1320 2718; x_wconf 74' lang='grc' dir='ltr'><strong><em>εἰπεῖν,</em></strong></span> 
     </span>
    </p>
   </div>
   <div class='ocr_carea' id='block_1_3' title="bbox 244 2871 1321 3013">
    <p class='ocr_par' dir='ltr' id='par_1_6' title="bbox 244 2871 1321 3013">
     <span class='ocr_line' id='line_1_25' title="bbox 244 2871 1319 2943; baseline -0.005 -19"><span class='ocrx_word' id='word_1_215' title='bbox 244 2879 300 2924; x_wconf 87' lang='lat' dir='ltr'>tum</span> <span class='ocrx_word' id='word_1_216' title='bbox 328 2879 501 2943; x_wconf 73' lang='lat' dir='ltr'>exspectans,</span> <span class='ocrx_word' id='word_1_217' title='bbox 525 2871 646 2924; x_wconf 86' lang='lat' dir='ltr'>isborem</span> <span class='ocrx_word' id='word_1_218' title='bbox 664 2873 837 2938; x_wconf 78' lang='lat' dir='ltr'>reformidet,</span> <span class='ocrx_word' id='word_1_219' title='bbox 861 2874 934 2926; x_wconf 82' lang='lat' dir='ltr'>nihil</span> <span class='ocrx_word' id='word_1_220' title='bbox 950 2889 966 2923; x_wconf 91' lang='lat' dir='ltr'>a</span> <span class='ocrx_word' id='word_1_221' title='bbox 983 2874 1063 2942; x_wconf 78' lang='lat' dir='ltr'>vulgo</span> <span class='ocrx_word' id='word_1_222' title='bbox 1083 2872 1209 2936; x_wconf 79' lang='lat' dir='ltr'>differet,</span> <span class='ocrx_word' id='word_1_223' title='bbox 1228 2882 1319 2941; x_wconf 85' lang='lat' dir='ltr'>neque</span> 
     </span>
     <span class='ocr_line' id='line_1_26' title="bbox 244 2934 1321 3013; baseline 0.002 -19"><span class='ocrx_word' id='word_1_224' title='bbox 244 2959 371 3010; x_wconf 76' lang='lat' dir='ltr'>magnum</span> <span class='ocrx_word' id='word_1_225' title='bbox 396 2943 536 3011; x_wconf 77' lang='lat' dir='ltr'><strong>quippiam</strong></span> <span class='ocrx_word' id='word_1_226' title='bbox 555 2949 583 2994; x_wconf 87' lang='lat' dir='ltr'>et</span> <span class='ocrx_word' id='word_1_227' title='bbox 602 2934 779 2996; x_wconf 80' lang='lat' dir='ltr'>memorabile</span> <span class='ocrx_word' id='word_1_228' title='bbox 805 2961 924 3013; x_wconf 85' lang='lat' dir='ltr'>unquam</span> <span class='ocrx_word' id='word_1_229' title='bbox 941 2959 1069 3013; x_wconf 78' lang='lat' dir='ltr'>prospere</span> <span class='ocrx_word' id='word_1_230' title='bbox 1089 2951 1170 3012; x_wconf 74' lang='lat' dir='ltr'>geret</span> <span class='ocrx_word' id='word_1_231' title='bbox 1206 2943 1236 2995; x_wconf 82' lang='lat' dir='ltr'>Si</span> <span class='ocrx_word' id='word_1_232' title='bbox 1255 2956 1321 2996; x_wconf 76' lang='lat' dir='ltr'>vero</span> 
     </span>
    </p>
   </div>
   <div class='ocr_carea' id='block_1_4' title="bbox 246 3009 1321 3135">
    <p class='ocr_par' dir='ltr' id='par_1_7' title="bbox 246 3009 1321 3135">
     <span class='ocr_line' id='line_1_27' title="bbox 246 3009 1321 3135; baseline -0.007 -68"><span class='ocrx_word' id='word_1_233' title='bbox 246 3013 331 3067; x_wconf 77' lang='lat' dir='ltr'>ardua</span> <span class='ocrx_word' id='word_1_234' title='bbox 361 3011 511 3082; x_wconf 82' lang='lat' dir='ltr'>quaedam,</span> <span class='ocrx_word' id='word_1_235' title='bbox 541 3013 640 3080; x_wconf 77' lang='lat' dir='ltr'>insigni</span> <span class='ocrx_word' id='word_1_236' title='bbox 669 3023 819 3135; x_wconf 64' lang='grc' dir='ltr'><strong><em>ερριτεια,</em></strong></span> <span class='ocrx_word' id='word_1_237' title='bbox 850 3030 901 3067; x_wconf 82' lang='lat' dir='ltr'>uec</span> <span class='ocrx_word' id='word_1_238' title='bbox 926 3029 1008 3083; x_wconf 78' lang='lat' dir='ltr'>parva</span> <span class='ocrx_word' id='word_1_239' title='bbox 1036 3015 1160 3083; x_wconf 82' lang='lat' dir='ltr'>impensa</span> <span class='ocrx_word' id='word_1_240' title='bbox 1190 3009 1321 3066; x_wconf 66' lang='lat' dir='ltr'>tentam</span> 
     </span>
    </p>
   </div>
   <div class='ocr_carea' id='block_1_5' title="bbox 245 3079 1324 4271">
    <p class='ocr_par' dir='ltr' id='par_1_8' title="bbox 245 3079 1324 4271">
     <span class='ocr_line' id='line_1_28' title="bbox 246 3079 1322 3153; baseline 0 -18"><span class='ocrx_word' id='word_1_241' title='bbox 246 3087 319 3145; x_wconf 85' lang='lat' dir='ltr'>siut,</span> <span class='ocrx_word' id='word_1_242' title='bbox 342 3084 459 3135; x_wconf 77' lang='lat' dir='ltr'>stultitia</span> <span class='ocrx_word' id='word_1_243' title='bbox 477 3098 509 3134; x_wconf 88' lang='lat' dir='ltr'>ae</span> <span class='ocrx_word' id='word_1_244' title='bbox 527 3081 675 3136; x_wconf 77' lang='lat' dir='ltr'>timiditate</span> <span class='ocrx_word' id='word_1_245' title='bbox 712 3086 770 3136; x_wconf 83' lang='lat' dir='ltr'>ucis</span> <span class='ocrx_word' id='word_1_246' title='bbox 789 3084 860 3137; x_wconf 87' lang='lat' dir='ltr'>nihii</span> <span class='ocrx_word' id='word_1_247' title='bbox 885 3101 914 3136; x_wconf 89' lang='lat' dir='ltr'>se</span> <span class='ocrx_word' id='word_1_248' title='bbox 932 3084 1040 3153; x_wconf 81' lang='lat' dir='ltr'>dignum</span> <span class='ocrx_word' id='word_1_249' title='bbox 1060 3086 1195 3136; x_wconf 73' lang='lat' dir='ltr'>exercitus</span> <span class='ocrx_word' id='word_1_250' title='bbox 1215 3084 1263 3135; x_wconf 86' lang='lat' dir='ltr'>ilie</span> <span class='ocrx_word' id='word_1_251' title='bbox 1280 3079 1322 3130; x_wconf 77' lang='lat' dir='ltr'>is·</span> 
     </span>
     <span class='ocr_line' id='line_1_29' title="bbox 246 3152 1321 3224; baseline -0.005 -19"><span class='ocrx_word' id='word_1_252' title='bbox 246 3156 316 3217; x_wconf 81' lang='lat' dir='ltr'>ciat,</span> <span class='ocrx_word' id='word_1_253' title='bbox 341 3170 396 3204; x_wconf 88' lang='lat' dir='ltr'>non</span> <span class='ocrx_word' id='word_1_254' title='bbox 423 3154 458 3204; x_wconf 86' lang='lat' dir='ltr'>ab</span> <span class='ocrx_word' id='word_1_255' title='bbox 481 3152 542 3204; x_wconf 85' lang='lat' dir='ltr'>aliis</span> <span class='ocrx_word' id='word_1_256' title='bbox 563 3152 658 3218; x_wconf 84' lang='lat' dir='ltr'>modo,</span> <span class='ocrx_word' id='word_1_257' title='bbox 675 3152 724 3206; x_wconf 90' lang='lat' dir='ltr'>sed</span> <span class='ocrx_word' id='word_1_258' title='bbox 740 3152 776 3204; x_wconf 89' lang='lat' dir='ltr'>ab</span> <span class='ocrx_word' id='word_1_259' title='bbox 794 3155 860 3224; x_wconf 87' lang='lat' dir='ltr'>ipsis</span> <span class='ocrx_word' id='word_1_260' title='bbox 877 3157 960 3206; x_wconf 86' lang='lat' dir='ltr'>etism</span> <span class='ocrx_word' id='word_1_261' title='bbox 978 3155 1113 3206; x_wconf 70' lang='lat' dir='ltr'>militibus</span> <span class='ocrx_word' id='word_1_262' title='bbox 1132 3153 1262 3206; x_wconf 82' lang='lat' dir='ltr'>conviciis</span> <span class='ocrx_word' id='word_1_263' title='bbox 1279 3157 1321 3201; x_wconf 87' lang='lat' dir='ltr'>at-</span> 
     </span>
     <span class='ocr_line' id='line_1_30' title="bbox 246 3219 1323 3344; baseline -0.001 -70"><span class='ocrx_word' id='word_1_264' title='bbox 246 3241 300 3343; x_wconf 54' lang='lat' dir='ltr'>pue</span> <span class='ocrx_word' id='word_1_265' title='bbox 328 3221 435 3290; x_wconf 83' lang='lat' dir='ltr'>probris</span> <span class='ocrx_word' id='word_1_266' title='bbox 458 3222 550 3273; x_wconf 84' lang='lat' dir='ltr'>multis</span> <span class='ocrx_word' id='word_1_267' title='bbox 575 3239 630 3275; x_wconf 88' lang='lat' dir='ltr'>nou</span> <span class='ocrx_word' id='word_1_268' title='bbox 658 3223 795 3276; x_wconf 87' lang='lat' dir='ltr'>immerito</span> <span class='ocrx_word' id='word_1_269' title='bbox 814 3233 972 3344; x_wconf 44' lang='lat' dir='ltr'>appetatur,</span> <span class='ocrx_word' id='word_1_270' title='bbox 1001 3223 1074 3292; x_wconf 91' lang='lat' dir='ltr'>quod</span> <span class='ocrx_word' id='word_1_271' title='bbox 1093 3222 1213 3275; x_wconf 88' lang='lat' dir='ltr'>imbellis</span> <span class='ocrx_word' id='word_1_272' title='bbox 1232 3231 1261 3275; x_wconf 89' lang='lat' dir='ltr'>et</span> <span class='ocrx_word' id='word_1_273' title='bbox 1279 3219 1323 3273; x_wconf 69' lang='lat' dir='ltr'>et*-</span> 
     </span>
     <span class='ocr_line' id='line_1_31' title="bbox 259 3291 1323 3361; baseline -0.006 -17"><span class='ocrx_word' id='word_1_274' title='bbox 259 3293 393 3344; x_wconf 88' lang='lat' dir='ltr'>eminatus</span> <span class='ocrx_word' id='word_1_275' title='bbox 419 3300 448 3344; x_wconf 84' lang='lat' dir='ltr'>et</span> <span class='ocrx_word' id='word_1_276' title='bbox 473 3291 601 3343; x_wconf 86' lang='lat' dir='ltr'>laudibus</span> <span class='ocrx_word' id='word_1_277' title='bbox 623 3299 652 3345; x_wconf 86' lang='lat' dir='ltr'>et</span> <span class='ocrx_word' id='word_1_278' title='bbox 673 3295 803 3361; x_wconf 81' lang='lat' dir='ltr'>praemiis</span> <span class='ocrx_word' id='word_1_279' title='bbox 832 3303 952 3346; x_wconf 85' lang='lat' dir='ltr'>aetorum</span> <span class='ocrx_word' id='word_1_280' title='bbox 969 3309 1015 3344; x_wconf 90' lang='lat' dir='ltr'>eos</span> <span class='ocrx_word' id='word_1_281' title='bbox 1033 3295 1186 3361; x_wconf 81' lang='lat' dir='ltr'>privaverit</span> <span class='ocrx_word' id='word_1_282' title='bbox 1205 3291 1323 3345; x_wconf 73' lang='lat' dir='ltr'>Materia</span> 
     </span>
     <span class='ocr_line' id='line_1_32' title="bbox 245 3360 1323 3432; baseline -0.005 -18"><span class='ocrx_word' id='word_1_283' title='bbox 245 3364 330 3430; x_wconf 74' lang='lat' dir='ltr'>igitur</span> <span class='ocrx_word' id='word_1_284' title='bbox 352 3371 381 3413; x_wconf 85' lang='lat' dir='ltr'>et</span> <span class='ocrx_word' id='word_1_285' title='bbox 405 3360 482 3432; x_wconf 88' lang='lat' dir='ltr'>quasi</span> <span class='ocrx_word' id='word_1_286' title='bbox 509 3371 697 3429; x_wconf 70' lang='lat' dir='ltr'>argumentum</span> <span class='ocrx_word' id='word_1_287' title='bbox 726 3363 809 3416; x_wconf 87' lang='lat' dir='ltr'>buius</span> <span class='ocrx_word' id='word_1_288' title='bbox 829 3372 938 3416; x_wconf 86' lang='lat' dir='ltr'>nostrae</span> <span class='ocrx_word' id='word_1_289' title='bbox 969 3364 1152 3432; x_wconf 81' lang='lat' dir='ltr'>expeditionis</span> <span class='ocrx_word' id='word_1_290' title='bbox 1174 3364 1228 3414; x_wconf 81' lang='lat' dir='ltr'>aiis</span> <span class='ocrx_word' id='word_1_291' title='bbox 1244 3361 1323 3413; x_wconf 82' lang='lat' dir='ltr'>nulia</span> 
     </span>
     <span class='ocr_line' id='line_1_33' title="bbox 246 3430 1322 3501; baseline -0.006 -16"><span class='ocrx_word' id='word_1_292' title='bbox 246 3440 305 3493; x_wconf 84' lang='lat' dir='ltr'>est,</span> <span class='ocrx_word' id='word_1_293' title='bbox 329 3448 409 3501; x_wconf 87' lang='lat' dir='ltr'>quam</span> <span class='ocrx_word' id='word_1_294' title='bbox 434 3432 592 3498; x_wconf 85' lang='lat' dir='ltr'>imperatori</span> <span class='ocrx_word' id='word_1_295' title='bbox 616 3431 804 3486; x_wconf 84' lang='lat' dir='ltr'>Cantacuseuo</span> <span class='ocrx_word' id='word_1_296' title='bbox 828 3434 1016 3485; x_wconf 83' lang='lat' dir='ltr'>communibus</span> <span class='ocrx_word' id='word_1_297' title='bbox 1036 3435 1116 3484; x_wconf 86' lang='lat' dir='ltr'>armis</span> <span class='ocrx_word' id='word_1_298' title='bbox 1134 3450 1167 3485; x_wconf 81' lang='lat' dir='ltr'>ex</span> <span class='ocrx_word' id='word_1_299' title='bbox 1185 3430 1289 3484; x_wconf 81' lang='lat' dir='ltr'>insidia</span> <span class='ocrx_word' id='word_1_300' title='bbox 1306 3446 1322 3479; x_wconf 88' lang='lat' dir='ltr'>a</span> 
     </span>
     <span class='ocr_line' id='line_1_34' title="bbox 246 3501 1323 3573; baseline 0 -21"><span class='ocrx_word' id='word_1_301' title='bbox 246 3501 375 3553; x_wconf 83' lang='lat' dir='ltr'>Romania</span> <span class='ocrx_word' id='word_1_302' title='bbox 406 3508 562 3569; x_wconf 78' lang='lat' dir='ltr'>oppugnato</span> <span class='ocrx_word' id='word_1_303' title='bbox 597 3509 625 3551; x_wconf 85' lang='lat' dir='ltr'>et</span> <span class='ocrx_word' id='word_1_304' title='bbox 647 3511 710 3553; x_wconf 84' lang='lat' dir='ltr'>ante</span> <span class='ocrx_word' id='word_1_305' title='bbox 734 3502 782 3554; x_wconf 85' lang='lat' dir='ltr'>diu</span> <span class='ocrx_word' id='word_1_306' title='bbox 810 3503 884 3573; x_wconf 86' lang='lat' dir='ltr'>apud</span> <span class='ocrx_word' id='word_1_307' title='bbox 915 3502 1052 3555; x_wconf 84' lang='lat' dir='ltr'>Triballos</span> <span class='ocrx_word' id='word_1_308' title='bbox 1085 3502 1216 3572; x_wconf 78' lang='lat' dir='ltr'>profugo,</span> <span class='ocrx_word' id='word_1_309' title='bbox 1249 3516 1323 3553; x_wconf 82' lang='lat' dir='ltr'>nune</span> 
     </span>
     <span class='ocr_line' id='line_1_35' title="bbox 248 3566 1322 3637; baseline -0.002 -14"><span class='ocrx_word' id='word_1_310' title='bbox 248 3571 341 3623; x_wconf 85' lang='lat' dir='ltr'>divina</span> <span class='ocrx_word' id='word_1_311' title='bbox 366 3566 511 3621; x_wconf 84' lang='lat' dir='ltr'>adiuvante</span> <span class='ocrx_word' id='word_1_312' title='bbox 534 3570 657 3637; x_wconf 87' lang='lat' dir='ltr'>potentia</span> <span class='ocrx_word' id='word_1_313' title='bbox 685 3573 714 3623; x_wconf 92' lang='lat' dir='ltr'>in</span> <span class='ocrx_word' id='word_1_314' title='bbox 741 3573 827 3624; x_wconf 85' lang='lat' dir='ltr'>solum</span> <span class='ocrx_word' id='word_1_315' title='bbox 857 3575 1020 3635; x_wconf 82' lang='lat' dir='ltr'>Romanum,</span> <span class='ocrx_word' id='word_1_316' title='bbox 1044 3574 1137 3624; x_wconf 83' lang='lat' dir='ltr'>multis</span> <span class='ocrx_word' id='word_1_317' title='bbox 1162 3571 1278 3624; x_wconf 87' lang='lat' dir='ltr'>urbibus</span> <span class='ocrx_word' id='word_1_318' title='bbox 1294 3577 1322 3621; x_wconf 82' lang='lat' dir='ltr'>rt</span> 
     </span>
     <span class='ocr_line' id='line_1_36' title="bbox 248 3637 1322 3713; baseline -0.003 -21"><span class='ocrx_word' id='word_1_319' title='bbox 248 3641 338 3710; x_wconf 85' lang='lat' dir='ltr'>spatio</span> <span class='ocrx_word' id='word_1_320' title='bbox 363 3656 419 3689; x_wconf 90' lang='lat' dir='ltr'>non</span> <span class='ocrx_word' id='word_1_321' title='bbox 440 3637 564 3702; x_wconf 84' lang='lat' dir='ltr'>modico,</span> <span class='ocrx_word' id='word_1_322' title='bbox 594 3647 624 3690; x_wconf 91' lang='lat' dir='ltr'>ut</span> <span class='ocrx_word' id='word_1_323' title='bbox 645 3639 751 3704; x_wconf 80' lang='lat' dir='ltr'>fertur,</span> <span class='ocrx_word' id='word_1_324' title='bbox 777 3642 807 3695; x_wconf 89' lang='lat' dir='ltr'>in</span> <span class='ocrx_word' id='word_1_325' title='bbox 824 3650 986 3713; x_wconf 82' lang='lat' dir='ltr'>potestatem</span> <span class='ocrx_word' id='word_1_326' title='bbox 1005 3660 1079 3693; x_wconf 84' lang='lat' dir='ltr'>susm</span> <span class='ocrx_word' id='word_1_327' title='bbox 1101 3642 1216 3694; x_wconf 81' lang='lat' dir='ltr'>redactis</span> <span class='ocrx_word' id='word_1_328' title='bbox 1234 3655 1322 3693; x_wconf 82' lang='lat' dir='ltr'>rever-</span> 
     </span>
     <span class='ocr_line' id='line_1_37' title="bbox 247 3707 1322 3782; baseline -0.001 -21"><span class='ocrx_word' id='word_1_329' title='bbox 247 3711 337 3773; x_wconf 89' lang='lat' dir='ltr'>tenti,</span> <span class='ocrx_word' id='word_1_330' title='bbox 363 3707 506 3760; x_wconf 83' lang='lat' dir='ltr'>subvenire</span> <span class='ocrx_word' id='word_1_331' title='bbox 532 3716 616 3778; x_wconf 85' lang='lat' dir='ltr'>atque</span> <span class='ocrx_word' id='word_1_332' title='bbox 641 3711 779 3778; x_wconf 75' lang='lat' dir='ltr'>opitulari.</span> <span class='ocrx_word' id='word_1_333' title='bbox 824 3712 946 3778; x_wconf 68' lang='lat' dir='ltr'>Contigit</span> <span class='ocrx_word' id='word_1_334' title='bbox 969 3721 1078 3776; x_wconf 72' lang='lat' dir='ltr'>auitam,</span> <span class='ocrx_word' id='word_1_335' title='bbox 1100 3712 1174 3782; x_wconf 83' lang='lat' dir='ltr'>quod</span> <span class='ocrx_word' id='word_1_336' title='bbox 1191 3710 1322 3770; x_wconf 81' lang='lat' dir='ltr'>videmus,</span> 
     </span>
     <span class='ocr_line' id='line_1_38' title="bbox 249 3779 1322 3850; baseline 0.001 -21"><span class='ocrx_word' id='word_1_337' title='bbox 249 3779 328 3832; x_wconf 86' lang='lat' dir='ltr'>iilum</span> <span class='ocrx_word' id='word_1_338' title='bbox 348 3797 363 3831; x_wconf 91' lang='lat' dir='ltr'>e</span> <span class='ocrx_word' id='word_1_339' title='bbox 381 3786 472 3830; x_wconf 78' lang='lat' dir='ltr'>nostra</span> <span class='ocrx_word' id='word_1_340' title='bbox 499 3779 600 3834; x_wconf 76' lang='lat' dir='ltr'>virtuts</span> <span class='ocrx_word' id='word_1_341' title='bbox 624 3779 732 3831; x_wconf 87' lang='lat' dir='ltr'>nulium</span> <span class='ocrx_word' id='word_1_342' title='bbox 760 3783 862 3850; x_wconf 85' lang='lat' dir='ltr'>cepisse</span> <span class='ocrx_word' id='word_1_343' title='bbox 881 3783 1051 3844; x_wconf 74' lang='lat' dir='ltr'>subsidium,</span> <span class='ocrx_word' id='word_1_344' title='bbox 1075 3791 1103 3834; x_wconf 87' lang='lat' dir='ltr'>et</span> <span class='ocrx_word' id='word_1_345' title='bbox 1122 3798 1171 3833; x_wconf 87' lang='lat' dir='ltr'>nos</span> <span class='ocrx_word' id='word_1_346' title='bbox 1189 3782 1322 3832; x_wconf 83' lang='lat' dir='ltr'>ineassum</span> 
     </span>
     <span class='ocr_line' id='line_1_39' title="bbox 248 3850 1322 3919; baseline 0.002 -19"><span class='ocrx_word' id='word_1_347' title='bbox 248 3865 281 3901; x_wconf 85' lang='lat' dir='ltr'>ao</span> <span class='ocrx_word' id='word_1_348' title='bbox 297 3850 396 3902; x_wconf 86' lang='lat' dir='ltr'>frustra</span> <span class='ocrx_word' id='word_1_349' title='bbox 411 3857 512 3901; x_wconf 84' lang='lat' dir='ltr'>tautam</span> <span class='ocrx_word' id='word_1_350' title='bbox 530 3850 730 3919; x_wconf 78' lang='lat' dir='ltr'>navigationem</span> <span class='ocrx_word' id='word_1_351' title='bbox 752 3869 811 3903; x_wconf 87' lang='lat' dir='ltr'>cum</span> <span class='ocrx_word' id='word_1_352' title='bbox 830 3861 905 3903; x_wconf 89' lang='lat' dir='ltr'>tanto</span> <span class='ocrx_word' id='word_1_353' title='bbox 924 3851 1065 3919; x_wconf 83' lang='lat' dir='ltr'>impendio</span> <span class='ocrx_word' id='word_1_354' title='bbox 1081 3851 1241 3903; x_wconf 72' lang='lat' dir='ltr'>instituisse.</span> <span class='ocrx_word' id='word_1_355' title='bbox 1274 3850 1322 3902; x_wconf 81' lang='lat' dir='ltr'>Pro</span> 
     </span>
     <span class='ocr_line' id='line_1_40' title="bbox 248 3917 1322 3992; baseline 0 -23"><span class='ocrx_word' id='word_1_356' title='bbox 248 3921 298 3972; x_wconf 88' lang='lat' dir='ltr'>ilio</span> <span class='ocrx_word' id='word_1_357' title='bbox 323 3922 405 3988; x_wconf 83' lang='lat' dir='ltr'>igitur</span> <span class='ocrx_word' id='word_1_358' title='bbox 431 3918 580 3982; x_wconf 82' lang='lat' dir='ltr'>dimicare,</span> <span class='ocrx_word' id='word_1_359' title='bbox 611 3919 749 3989; x_wconf 88' lang='lat' dir='ltr'>quomodo</span> <span class='ocrx_word' id='word_1_360' title='bbox 773 3923 866 3992; x_wconf 79' lang='lat' dir='ltr'>quavis</span> <span class='ocrx_word' id='word_1_361' title='bbox 893 3922 977 3973; x_wconf 77' lang='lat' dir='ltr'>enimi</span> <span class='ocrx_word' id='word_1_362' title='bbox 1000 3923 1159 3973; x_wconf 78' lang='lat' dir='ltr'>remissione</span> <span class='ocrx_word' id='word_1_363' title='bbox 1176 3917 1322 3984; x_wconf 77' lang='lat' dir='ltr'>iucundius</span> 
     </span>
     <span class='ocr_line' id='line_1_41' title="bbox 248 3988 1323 4062; baseline 0.001 -21"><span class='ocrx_word' id='word_1_364' title='bbox 248 3998 277 4042; x_wconf 87' lang='lat' dir='ltr'>et</span> <span class='ocrx_word' id='word_1_365' title='bbox 295 3992 430 4057; x_wconf 75' lang='lat' dir='ltr'>egregium</span> <span class='ocrx_word' id='word_1_366' title='bbox 448 3988 530 4040; x_wconf 84' lang='lat' dir='ltr'>decus</span> <span class='ocrx_word' id='word_1_367' title='bbox 551 3990 630 4042; x_wconf 88' lang='lat' dir='ltr'>nobis</span> <span class='ocrx_word' id='word_1_368' title='bbox 650 3989 913 4062; x_wconf 85' lang='lat' dir='ltr'>admirationemque</span> <span class='ocrx_word' id='word_1_369' title='bbox 931 3991 1011 4058; x_wconf 83' lang='lat' dir='ltr'>ionge</span> <span class='ocrx_word' id='word_1_370' title='bbox 1036 3992 1145 4060; x_wconf 81' lang='lat' dir='ltr'>iateque</span> <span class='ocrx_word' id='word_1_371' title='bbox 1161 3991 1323 4043; x_wconf 82' lang='lat' dir='ltr'>conciliatu·</span> 
     </span>
     <span class='ocr_line' id='line_1_42' title="bbox 247 4056 1323 4129; baseline -0.003 -18"><span class='ocrx_word' id='word_1_372' title='bbox 247 4075 307 4111; x_wconf 88' lang='lat' dir='ltr'>rum</span> <span class='ocrx_word' id='word_1_373' title='bbox 325 4063 377 4122; x_wconf 84' lang='lat' dir='ltr'>sit,</span> <span class='ocrx_word' id='word_1_374' title='bbox 393 4075 440 4110; x_wconf 87' lang='lat' dir='ltr'>vos</span> <span class='ocrx_word' id='word_1_375' title='bbox 458 4073 568 4127; x_wconf 87' lang='lat' dir='ltr'>quoque</span> <span class='ocrx_word' id='word_1_376' title='bbox 585 4061 658 4112; x_wconf 86' lang='lat' dir='ltr'>tacto</span> <span class='ocrx_word' id='word_1_377' title='bbox 674 4061 734 4129; x_wconf 82' lang='lat' dir='ltr'>ipso</span> <span class='ocrx_word' id='word_1_378' title='bbox 751 4061 1127 4129; x_wconf 72' lang='lat' dir='ltr'>attestaminisenpidissime</span> <span class='ocrx_word' id='word_1_379' title='bbox 1144 4059 1233 4123; x_wconf 83' lang='lat' dir='ltr'>euim,</span> <span class='ocrx_word' id='word_1_380' title='bbox 1251 4056 1323 4110; x_wconf 86' lang='lat' dir='ltr'>baud</span> 
     </span>
     <span class='ocr_line' id='line_1_43' title="bbox 247 4126 1322 4201; baseline 0 -22"><span class='ocrx_word' id='word_1_381' title='bbox 247 4136 343 4181; x_wconf 81' lang='lat' dir='ltr'>coactu</span> <span class='ocrx_word' id='word_1_382' title='bbox 367 4145 427 4181; x_wconf 84' lang='lat' dir='ltr'>meo</span> <span class='ocrx_word' id='word_1_383' title='bbox 450 4126 565 4193; x_wconf 82' lang='lat' dir='ltr'>profecti</span> <span class='ocrx_word' id='word_1_384' title='bbox 594 4146 713 4193; x_wconf 87' lang='lat' dir='ltr'>mecum,</span> <span class='ocrx_word' id='word_1_385' title='bbox 740 4131 815 4194; x_wconf 86' lang='lat' dir='ltr'>imo,</span> <span class='ocrx_word' id='word_1_386' title='bbox 843 4140 874 4182; x_wconf 87' lang='lat' dir='ltr'>ut</span> <span class='ocrx_word' id='word_1_387' title='bbox 900 4133 988 4182; x_wconf 88' lang='lat' dir='ltr'>maius</span> <span class='ocrx_word' id='word_1_388' title='bbox 1012 4130 1079 4201; x_wconf 90' lang='lat' dir='ltr'>quid</span> <span class='ocrx_word' id='word_1_389' title='bbox 1103 4130 1205 4191; x_wconf 89' lang='lat' dir='ltr'>dicam,</span> <span class='ocrx_word' id='word_1_390' title='bbox 1228 4126 1322 4181; x_wconf 81' lang='lat' dir='ltr'>moad</span> 
     </span>
     <span class='ocr_line' id='line_1_44' title="bbox 246 4196 1324 4271; baseline 0.001 -21"><span class='ocrx_word' id='word_1_391' title='bbox 246 4197 318 4250; x_wconf 86' lang='lat' dir='ltr'>banc</span> <span class='ocrx_word' id='word_1_392' title='bbox 341 4196 536 4270; x_wconf 81' lang='lat' dir='ltr'>profectionem</span> <span class='ocrx_word' id='word_1_393' title='bbox 566 4199 621 4269; x_wconf 83' lang='lat' dir='ltr'>ipsi</span> <span class='ocrx_word' id='word_1_394' title='bbox 645 4200 781 4254; x_wconf 83' lang='lat' dir='ltr'>cohortati</span> <span class='ocrx_word' id='word_1_395' title='bbox 799 4203 873 4256; x_wconf 80' lang='lat' dir='ltr'>estis.</span> <span class='ocrx_word' id='word_1_396' title='bbox 922 4200 1055 4271; x_wconf 81' lang='lat' dir='ltr'>Equidem</span> <span class='ocrx_word' id='word_1_397' title='bbox 1074 4199 1149 4271; x_wconf 89' lang='lat' dir='ltr'>quod</span> <span class='ocrx_word' id='word_1_398' title='bbox 1166 4200 1202 4253; x_wconf 82' lang='lat' dir='ltr'>sd</span> <span class='ocrx_word' id='word_1_399' title='bbox 1224 4214 1268 4253; x_wconf 89' lang='lat' dir='ltr'>me</span> <span class='ocrx_word' id='word_1_400' title='bbox 1284 4204 1324 4251; x_wconf 83' lang='lat' dir='ltr'>st-</span> 
     </span>
    </p>
   </div>
   <div class='ocr_carea' id='block_1_6' title="bbox 0 0 1480 4700">
    <p class='ocr_par' dir='ltr' id='par_1_9' title="bbox 0 0 1480 4700">
     <span class='ocr_line' id='line_1_45' title="bbox 0 0 1480 4700; baseline 0 0"><span class='ocrx_word' id='word_1_401' title='bbox 0 0 1480 4700; x_wconf 95' lang='lat' dir='ltr'> </span> 
     </span>
    </p>
   </div>
  </div>
 </body>
</html>
