2934 4700
498 346 784 413 neronianum
814 351 869 412 nr.
900 356 951 422 32.
1168 344 1244 435 ¹97

156 497 301 583 ἔπεμψαν
320 501 367 575 εἰς
383 501 536 581 βασιλίδα
544 510 571 582 ,)
592 497 652 566 εἴτε
673 501 728 566 καί
746 501 853 590 τρόπῳ
874 502 914 586 δὴ
935 498 1001 568 ’τινι
1022 499 1137 590 ἑτέρην,
1158 502 1393 586 ἠμί-Μήλα

156 597 247 664 νοντδ
276 621 311 663 τε
341 594 563 684 καρτερώτατα
592 600 654 663 rino*
684 604 746 665 τῶν
772 605 886 685 τειχῶν
912 596 1123 688 ὀχυρωτάτων
1150 593 1248 669 ὄντων

159 696 194 763 ἐκ
223 701 439 782 κατασκευῆς,
471 701 528 764 καί
554 701 625 763 οὐδ’
651 692 760 786 ῶκροις
790 702 852 766 aior*
879 704 1044 787 προσίεντο
1072 698 1148 777 τούς
1173 703 1247 786 περί

158 798 350 879 συμβάσεως
378 795 500 880 λόγους.
550 801 585 865 ἐν
615 794 714 885 τούτῳ
743 800 852 865 δὲκαὶ
880 800 897 865 δ
920 800 1086 885 Βατάτζης
1101 795 1246 886 Ἰωάννης

143 900 198 972 5ἐκ
217 898 399 974 Βυζαντιου
421 896 535 973 νυκτὸς
556 898 730 980 διαλαθών,
751 900 809 988 (οδ
826 896 887 986 γοὶρ
912 899 1065 986 ἀσφαλῶς
1085 898 1121 964 τὸ
1143 897 1245 987 φρού-

161 1020 231 1083 ριον
245 999 454 1080 ἐπολιορκεῖτο
467 995 519 1061 ert
533 994 592 1082 την
607 999 772 1084 εἰρημένην
784 1000 887 1063 αἰτίαν
895 1002 921 1085 ,)
941 994 1008 1080 ἅμα
1025 999 1139 1082 ὀλίγοις
1148 1023 1245 1085 στρα-

160 1092 290 1171 τιῶταις
302 1093 464 1178 εἰσελθών,
479 1097 676 1182 περιεποιησέ
692 1121 725 1161 τε
741 1095 776 1163 τδ
802 1095 955 1183 φρούριον
972 1101 1113 1182 βασιλίδι
1125 1101 1179 1186 καί
1185 1103 1246 1177 βα-

161 1200 248 1261 σιλεῖ
265 1196 308 1282 τῷ
324 1197 575 1284 Καντακουζηνηῖ
596 1195 652 1282 τὴν
669 1196 864 1282 ἐπιχείρησιν
879 1199 1064 1263 ἀνέλπιστον
1077 1198 1185 1267 ἐποίει.
1206 1189 1273 1262 sie

161 1296 320 1380 νοστήσας
331 1295 435 1359 τοίνυν
444 1296 564 1360 ἐκεῖθεν
575 1294 632 1382 την
650 1294 812 1381 στρατιῶν,
830 1297 875 1373 εἷς
888 1295 946 1380 τὴν
957 1296 1164 1362 Ἀναστασίου
1184 1292 1244 1358 πό-

124 1400 225 1477 ιολιν,
246 1391 269 1476 ἢ
287 1390 588 1477 nasceremini
613 1400 768 1477 βασιλέως
782 1395 990 1481 Ἀνδρονίκου
1003 1391 1243 1480 προσηγόρευτο,

164 1495 296 1576 ἐγένετο.
334 1492 389 1557 καί
408 1494 615 1579 περιεκάθητο
633 1497 809 1580 πολιορκῶν
829 1497 865 1561 ἐν
884 1495 1035 1580 τέσσαρσι
1056 1493 1111 1559 καί
1129 1495 1244 1558 εἴκοσιν

163 1591 306 1677 ἡμέραις.
344 1584 385 1676 ἦν
409 1590 472 1678 γὰρ
501 1590 542 1676 δη
572 1593 629 1659 καί
658 1571 739 1679 πρὸς
759 1594 887 1680 Χρέλην
904 1595 961 1659 καί
980 1587 1243 1680 πρωτοστροὶτορα

163 1689 221 1756 τὸν
243 1690 429 1776 ,Συναδηνδν
448 1694 483 1756 ἐν
504 1693 716 1780 Θεσσαλονίκη
740 1690 815 1768 roric
834 1692 1028 1777 μηνύσοντας
1046 1691 1104 1775 την
1125 1692 1242 1755 ἐκείνου

162 1784 274 1876 ῶφιξιν
292 1788 489 1877 πεπομφώς,
515 1792 572 1854 καί
590 1794 753 1876 περιέμενε
772 1798 909 1875 μαθεῖν,
943 1794 975 1857 εἰ
997 1789 1037 1855 τὰ
1059 1790 1113 1856 ἴσα
1136 1786 1242 1874 ῶσπερ

125 1889 218 1961 ιὸκαί
234 1892 386 1976 πρότερον
405 1893 481 1974 περί
499 1891 599 1956 carosi
619 1892 830 1963 διανοοῦνται.
869 1893 1036 1976 Βατάτζης
1064 1892 1098 1956 δὲ
1118 1889 1192 1964 τούς
1211 1912 1243 1953 τε

159 1985 368 2074 στρατιώτας,
389 1986 444 2063 οὓς
461 1990 496 2053 ἐκ
516 1991 696 2070 Βυζαντίου
716 1982 789 2073 ἧκεν
808 1988 891 2072 ἔχων
910 1991 1115 2073 ἐπαγόμενος,
1135 1988 1191 2053 καί
1210 1989 1244 2052 ἐκ

159 2093 224 2156 τῶν
243 2085 323 2152 κατὰ
344 2086 400 2173 την
423 2087 550 2174 Θρᾴκην
569 2092 625 2154 καί
637 2083 791 2174 Ῥοδόπην
812 2087 930 2154 πόλεων
950 2089 1009 2151 osias
1030 2087 1136 2173 ὀλίγην
1149 2111 1245 2172 στρα-

160 2186 234 2253 τιῶν
254 2184 454 2271 σννειλοχῶς,
475 2188 532 2253 οὐκ
551 2181 725 2270 ἀξιόμαχον
744 2190 780 2253 δὲ
801 2183 888 2269 ὅμως
906 2184 983 2273 πρὸς
1002 2185 1059 2272 την
1078 2189 1277 2269 βασιλέως,1)

161 2277 212 2372 (ἦν
240 2284 300 2372 γὰρ
331 2283 371 2371 δὴ
402 2289 436 2352 ἐκ
463 2285 785 2371 aminterninae
805 2279 910 2352 ἄλλων
929 2288 992 2352 τῶν
1012 2283 1053 2350 τῶ
1075 2283 1246 2371 πράγματα

124 2388 303 2471 anapestus
320 2385 376 2451 τὸν
395 2385 474 2471 πρὸς
492 2389 609 2454 ἐκεῖνον
629 2389 892 2473 ἐπιτετραμμένος
911 2381 1077 2472 πόλεμον,)
1100 2385 1246 2469 ἐφείπετο

161 2488 220 2552 οέκ
239 2484 381 2570 ἐγγύθεν,
402 2485 481 2551 ἄλλα
503 2494 581 2568 μιᾶς
596 2486 718 2571 ἡμέρας
739 2482 813 2551 tais
833 2486 960 2569 διέχων,
982 2481 1035 2549 issi
1050 2485 1165 2567 πολλῆς
1177 2505 1248 2545 ποι-

162 2586 294 2667 ον’μενος
322 2589 463 2673 σπουδῆς
490 2584 524 2651 so*
557 2583 604 2671 μη
635 2590 673 2674 τῇ
696 2589 853 2669 βασιλέως
881 2586 1016 2672 στρατιᾷ
1044 2588 1244 2667 περιτυχεῖν·

162 2677 236 2774 ᾔδει
253 2682 313 2771 γὰρ
335 2685 375 2751 οδ
395 2683 495 2770 χωρίς
515 2686 627 2771 ζημίας
654 2680 851 2763 ἀπαλλάξων.
892 2687 1115 2769 Περιθεοιρίου
1139 2683 1169 2744 δ’
1182 2679 1245 2743 sino

163 2785 319 2869 βασιλέως
335 2787 598 2870 πολιορκουμένου
618 2784 776 2870 ἀκριβῶς,
794 2785 969 2866 πῶσανμέν
986 2786 1078 2850 ἐκίνει
1089 2775 1248 2868 μηχανὴν,

166 3021 338 3092 vinculisque
356 3018 505 3089 implicitos
524 3017 560 3069 ad
576 3012 774 3087 lmp‘erstricem
791 3021 935 3083 miserant,
953 3034 988 3070 sn
1007 3019 1089 3072 etism
1109 3018 1161 3071 alia
1179 3035 1247 3089 qua·

168 3093 231 3144 siam
255 3091 291 3141 de
316 3108 415 3153 caasa,
441 3107 456 3143 e
478 3092 564 3142 maris
588 3097 722 3142 structura
743 3088 917 3142 validissimis
936 3089 1133 3141 animosissime
1154 3106 1182 3140 se
1201 3086 1249 3139 sle·

167 3161 335 3223 tendebant,
351 3176 402 3213 nec
420 3161 454 3213 de
472 3160 670 3229 compositione
690 3160 804 3213 verbum
820 3159 917 3213 audire
934 3158 1114 3211 sustinebant.
1140 3159 1248 3210 Interea

169 3234 288 3285 ioannes
306 3234 428 3283 Batatzes
457 3231 585 3299 Byzantio
608 3238 690 3283 uecta
715 3231 807 3292 clam,
833 3230 958 3301 (propter
975 3247 1081 3282 causans
1099 3231 1172 3280 euim
1193 3227 1248 3280 iam

169 3319 322 3372 expromam
344 3302 488 3355 castelium
518 3310 592 3354 certo
616 3309 828 3371 constanterque
855 3318 910 3353 non
936 3299 1157 3371 oppugnabatur)
1187 3313 1250 3349 eum

166 3389 252 3443 parve
270 3389 353 3424 manu
370 3373 505 3440 ingressus
515 3409 525 3435 ,
543 3371 573 3423 id
590 3370 642 3423 sub
661 3372 796 3437 Augustae
815 3371 961 3441 imperium
980 3371 1085 3439 redegit
1102 3375 1131 3423 et
1148 3368 1249 3420 Cauta-

169 3458 271 3496 coecno
295 3442 355 3496 eius
381 3441 527 3495 obtinendi
550 3459 626 3511 spem
648 3441 771 3499 abstulit.
815 3440 892 3493 Moto
917 3444 1002 3510 igitur
1025 3441 1091 3491 iude
1117 3437 1252 3502 exercitu,

167 3513 399 3582 Anastasiopolim
415 3511 596 3581 (Andronicus
617 3512 814 3564 Peritheorium
834 3513 993 3584 appellavit)
1013 3510 1153 3581 processit,
1168 3525 1253 3580 quant

167 3601 217 3705 per
237 3584 297 3636 dics
310 3591 428 3654 quatuos
444 3592 472 3635 et
488 3584 586 3652 viginti
602 3582 794 3634 circumsistens
812 3585 986 3651 oppugnavit.
1003 3584 1091 3635 Etiam
1108 3581 1143 3633 asi
1164 3578 1252 3633 Chre-

180 3671 222 3706 em
248 3662 278 3708 et
306 3659 528 3723 protostratorem
557 3653 781 3705 Thessalonicam
807 3650 841 3703 de
867 3652 985 3706 adventu
1011 3670 1060 3705 suo
1087 3653 1200 3703 miserat
1225 3655 1255 3702 et

168 3742 249 3779 nosse
279 3723 398 3785 avebat,
426 3740 491 3775 num
516 3722 590 3775 idem
610 3732 682 3776 esset
707 3740 801 3775 eorum
821 3739 884 3791 erga
901 3740 930 3776 se
948 3725 1055 3775 animus
1070 3758 1078 3784 ,
1095 3724 1144 3792 qui
1161 3721 1256 3773 baete·

170 3812 229 3848 nus.
266 3797 388 3847 Batatses
406 3808 503 3862 porro,
524 3796 568 3846 cui
585 3793 619 3843 ab
638 3794 812 3862 imperatrice
836 3809 982 3864 rerumque
1009 3792 1160 3847 rectoribus
1185 3789 1255 3843 belii

170 3873 264 3917 contra
289 3866 510 3919 Canticueennm
537 3863 739 3916 administratio
765 3863 907 3917 commissa
930 3871 1003 3925 erat,
1025 3880 1085 3914 euna
1108 3860 1255 3923 militibus,

170 3953 240 4006 qnos
267 3935 398 4003 Byzantio
421 3932 590 3995 adducebat,
618 3941 646 3985 et
663 3951 696 3985 crs
715 3933 739 3983 T
741 3933 850 3985 brasias
872 3949 904 3986 nc
923 3932 1047 4003 Rodopcs
1066 3931 1181 3986 urbibus
1197 3946 1255 3983 non

170 4007 278 4059 modica
297 4004 425 4057 adiuncta
444 4021 541 4065 manu,
562 4004 672 4073 quisse
695 4002 855 4072 imperatori
876 4003 1007 4072 imparem
1026 4000 1171 4065 cernebat,
1197 4015 1256 4051 non

171 4093 273 4146 prope,
294 4076 343 4128 sed
360 4075 505 4127 intervallo
524 4077 606 4125 unios
624 4073 680 4125 diei
702 4072 906 4142 insequebatur,
924 4091 1054 4145 perquam
1073 4072 1192 4125 sollicite
1207 4086 1256 4121 ca·

171 4164 255 4209 vens,
280 4164 316 4200 ne
335 4148 365 4197 iu
384 4146 443 4196 eius
462 4147 553 4213 copias
578 4144 729 4196 incideret:
750 4143 855 4195 sciebat
874 4145 956 4206 eninr,
974 4147 1035 4197 sine
1054 4142 1130 4195 clade
1149 4159 1178 4193 se
1199 4156 1257 4192 non

173 4234 320 4270 evasurum.
358 4214 527 4268 Peritbeorio
546 4224 636 4266 autem
655 4213 691 4264 ab
717 4215 883 4283 imperatore
904 4223 977 4268 arete
993 4213 1123 4276 obsesso,
1147 4226 1257 4263 omnem

172 4287 318 4343 rudentem
349 4284 490 4348 movebat,
519 4292 551 4339 ut
573 4284 746 4355 campaneis
775 4282 938 4356 quibusdam
956 4284 1034 4358 (quia
1052 4300 1113 4338 eam
1132 4280 1257 4357 pluribus
