2934 4700
463 297 747 365 ursroussnuss
775 302 831 363 ιιι.
852 303 907 371 57.
1156 269 1235 357 35¹

161 449 336 536 βοάλεσθιιι
354 448 425 516 νυνί
448 446 606 536 χρήσιμον
625 445 738 515 ἑαυτὸν
759 440 848 538 αὐτῷ
864 451 1017 535 παρέχειν
1036 446 1091 517 καί
1115 452 1394 537 praestruente

161 549 267 640 τρόπῳ
284 549 382 640 ὅποίφ
396 542 435 613 ds
457 545 591 615 δυ’ναιτο
610 545 836 637 δυνατωτάτῳ·
874 545 1060 632 θαυμαστὸν
1080 550 1116 613 di
1137 550 1249 632 οὐδὲν,

160 654 194 718 εί
211 651 380 737 τηλικούτῳ
402 638 466 714 ὄντι
486 649 542 712 ναί
558 644 730 734 θαυμασίην
763 650 818 711 ναί
835 646 961 735 μεγάλη
1003 644 1132 726 οὐδενὸς
1161 639 1249 728 άξιος

164 744 210 816 niv
229 748 326 826 αάιός
345 749 401 813 καί
420 747 559 835 άφανείρ
585 750 686 834 πολλῇ
721 746 827 825 συζῶν
863 747 1083 831 ἐπαγγέλλεται
1105 753 1250 834 βοηθεῖν,

130 849 195 922 ,ssi
220 847 277 913 καί
303 849 368 930 μῦς
395 869 468 911 ποτε
494 842 575 910 κατά
609 841 665 910 τὸν
698 849 804 926 μάθον
823 847 933 910 λέοντα
953 844 1109 933 ἐρ’ῥύσατο
1129 850 1252 914 πολλῶν

163 946 221 1012 ιιαί
236 948 386 1032 χαλεπῶν
406 946 539 1026 δεσμῶν.
588 944 795 1026 συνεβούλευέ
813 967 859 1028 τε,
881 943 939 1029 ὥς,
959 946 990 1009 εί
1007 944 1160 1029 βούλοιτο,
1181 946 1252 1013 ἐπεὶ

160 1045 238 1133 πρὸς
258 1041 374 1132 Κράλη
396 1048 637 1132 προοπεμφθείη
655 1040 886 1130 Βεβροιοάταις,
905 1041 1122 1127 διαλεξόμενος
1136 1039 1275 1124 αὖτοῑςῦ

158 1146 235 1233 περί
246 1141 454 1231 παραδόσεως
466 1148 522 1229 τῆς
541 1144 662 1221 πόλεως
678 1146 736 1209 καί
752 1144 869 1211 πείσων
888 1143 1077 1229 ὑποσχέσεσι
1096 1152 1236 1231 πολλαῖς,
1246 1160 1277 1214 V.
1286 1158 1336 1231 437

163 1248 302 1332 γράφειν
329 1247 385 1311 καί
409 1241 508 1310 αὐτὸν
526 1252 592 1319 τοῖς
613 1247 718 1331 φιλοις
737 1240 793 1308 ναί
810 1245 853 1328 δι’Ι
871 1245 998 1310 imbros
1017 1245 1075 1311 καί
1089 1245 1165 1325 τοὺς
1189 1240 1249 1314 sii·

123 1355 238 1422 ιολους
258 1343 380 1411 πείθειν
400 1344 550 1426 δέχεσθαι
569 1344 613 1418 εἰς
632 1341 689 1426 τὴν
709 1338 818 1423 πόλιν,
851 1339 874 1428 ἣ
894 1340 1016 1430 μεγάλη
1037 1369 1072 1412 τε
1093 1337 1175 1413 οὖσα
1196 1345 1254 1414 καί

161 1441 412 1527 πολυάνθρωπος
431 1442 485 1506 καί
503 1443 636 1531 στρατιηῖ
655 1442 713 1507 ναί
729 1449 796 1518 τοῖς
817 1434 923 1519 ἄλλοις
937 1437 1054 1510 ἅπασιν
1072 1437 1249 1531 ἐρρωμένη,

162 1547 204 1609 od
222 1547 336 1628 μετρία
357 1543 466 1625 γίνοιτ’
487 1535 528 1606 sla
548 1539 728 1628 παραψνχῆ
757 1538 838 1627 πράς
858 1540 916 1618 τάς
935 1541 1150 1629 περισχοάσας
1172 1547 1251 1611 δυσ.

160 1643 304 1728 πραγίας.
359 1634 457 1717 αὐτὸς
484 1637 546 1726 γάρ
557 1689 569 1721 ,
602 1644 707 1705 καίτοι
732 1638 796 1704 άπὸ
820 1639 953 1726 Κράλην
974 1646 1095 1725 τελῶν,
1129 1645 1251 1726 μάλλον

160 1739 302 1824 βούλοιτο
325 1734 482 1824 Βέῥροιάν
510 1762 544 1805 τε
572 1739 627 1804 καί
654 1737 709 1815 τάς
738 1733 837 1816 άλλας
855 1735 1019 1826 ἑσπερίους
1039 1740 1145 1818 πόλεις
1165 1738 1252 1832 αὕτρῖ

122 1833 321 1922 ι5μάλλονῆ
351 1839 465 1925 Κράλη
496 1846 715 1923 προσχωρεῖν·
767 1838 873 1927 ἐκείνῳ
893 1836 956 1921 γάρ
978 1837 1099 1926 α’νάγκη
1120 1840 1250 1908 δουλεί-

159 1963 216 2020 ειν,
237 1942 366 2020 βασιλεῖ
379 1938 415 2001 δὲ
437 1939 558 2019 μᾶλλον
578 1936 720 2007 abacta..
747 1933 900 2019 βασιλεάς
921 1940 957 2002 δὲ
980 1938 1131 2019 οἰκούσας,
1153 1936 1268 2024 άπερἸ

158 2039 244 2124 ήσθη
264 2111 267 2118 ¹
274 2042 333 2119 μὲν
360 2039 414 2102 ἐπί
445 2044 508 2112 τοῖς
535 2037 708 2120 εἰρημένοις
748 2039 803 2136 ναί
839 2038 901 2101 τῶν
927 2043 1051 2103 πολλῶν
1081 2039 1253 2107 α’νέπνευσε

160 2138 357 2226 φροντάλων,
377 2133 413 2201 τά
432 2139 522 2200 θεῖον
542 2134 643 2199 ordros*
662 2132 814 2221 πρόνοιάν
832 2158 900 2201 τινα
919 2139 1112 2222 πεποιῆσθαι
1128 2140 1250 2224 οἰηθείς

161 2235 217 2301 καί
235 2232 288 2301 τὸν
311 2229 414 2321 ἄνδρα
434 2231 513 2318 πρὸς
540 2236 671 2299 τοιαῦτα
697 2238 897 2319 κεκινηκέναι.
937 2226 1029 2322 ἤρετό
1049 2259 1095 2320 τε,
1116 2239 1147 2302 εἰ
1165 2238 1274 2313 rodel)

121 2333 286 2425 ωένλάγρι
300 2332 439 2416 μάλιστα
455 2332 552 2418 aideb]
573 2328 787 2417 Βεβροιωτῶν
807 2330 864 2397 καί
881 2330 961 2420 πρὸς
982 2328 1131 2411 οὕστινας
1146 2337 1251 2403 αὐτῶν

161 2432 373 2517 συμβουλεύει
400 2430 549 2518 γράφειν.
595 2436 652 2497 τοῦ
672 2435 726 2514 δὲ,
747 2430 867 2508 πάντας
884 2435 944 2515 μὲν
964 2435 1103 2515 εἰδέναι,
1130 2431 1252 2520 εἰρηκό-

160 2558 227 2616 τος,
249 2529 322 2609 τούς
344 2530 494 2617 άρίστους
514 2534 550 2596 δὲ
570 2534 795 2614 ἑνλεξαμένου,
816 2530 959 2598 ἐπείθετό
979 2556 1014 2596 τε
1031 2529 1047 2597 o‘
1078 2531 1249 2617 βασιλεάς,

162 2629 207 2709 ὥς
227 2634 330 2706 καλῶς
355 2631 608 2718 βεβουλευμένρι,
631 2633 687 2696 καί
707 2630 845 2717 ἔγραφεν
866 2625 991 2697 adtritu.
1005 2624 1191 2716 Ἀρμπενος
1213 2634 1250 2706 dd

162 2728 399 2813 συνεβούλευεν,
420 2730 451 2793 εἰ
469 2730 612 2814 δύναιτο,
633 2731 830 2817 ναίΚράλην
853 2734 977 2796 πείθειν
997 2732 1144 2798 ἐνδοῦναι
1163 2732 1249 2822 αὐτῷ

161 2914 234 2968 velle
258 2914 301 2967 illi
328 2914 458 2966 inservire
486 2915 567 2985 eique
590 2913 718 2984 prodesse
745 2923 879 2988 quantum
906 2919 1023 2970 maxime
1046 2925 1149 2987 posset.
1190 2918 1248 2972 Nec

162 2985 317 3041 mirandum
325 3021 335 3048 ‚
353 2985 377 3034 si
395 2992 451 3036 snm
468 2986 542 3044 claro
563 3001 661 3056 genere
679 2997 829 3056 prognato,
848 2995 903 3038 sam
925 2987 1082 3041 admirabili
1104 2997 1133 3042 et
1149 3005 1246 3058 magno

160 3059 219 3111 viro
253 3058 311 3125 ipsc
334 3053 416 3107 homo
444 3054 566 3107 abiectos
591 3064 618 3107 et
641 3054 820 3125 perobscurus
842 3073 922 3126 opem
943 3060 1128 3126 promitteret:
1155 3059 1248 3129 siqui-

162 3125 224 3178 dem
244 3135 272 3178 et
290 3141 348 3176 mus
368 3125 531 3196 aliquando,
556 3134 587 3177 ut
604 3134 675 3180 essct
692 3128 721 3177 in
739 3127 856 3191 sabulis,
878 3127 985 3179 leonem
1003 3130 1097 3180 multis
1117 3129 1248 3199 durisque

160 3197 278 3249 vinculis
299 3197 450 3252 liberasset.
487 3194 626 3248 Suadebat
649 3196 752 3267 igitur,
778 3207 826 3260 ut,
853 3197 984 3267 quoniam
1015 3199 1130 3253 aCrals
1149 3202 1246 3251 missus

164 3276 251 3329 esset,
269 3275 300 3319 ut
318 3283 378 3317 cunr
399 3263 569 3318 Berrhoeotis
591 3266 624 3318 de
643 3267 711 3319 urbe
736 3266 867 3318 tradendo
891 3277 982 3335 ageret
1007 3276 1036 3321 et
1061 3270 1154 3323 multis
1179 3287 1246 3340 pro·

161 3336 251 3389 missis
270 3354 302 3388 eo
322 3337 483 3401 induceret,
508 3336 531 3387 si
549 3336 646 3400 vellet,
667 3338 725 3407 ipse
745 3340 828 3390 etiarn
853 3339 947 3391 amicis
972 3338 1119 3403 scriberet,
1144 3347 1173 3392 et
1198 3358 1247 3410 per

161 3408 226 3459 illos
246 3407 343 3458 ceteris
361 3424 472 3478 quoque
490 3407 680 3476 persuaderet,
707 3409 748 3460 uti
767 3424 795 3460 se
814 3411 844 3461 in
866 3409 962 3461 urbem
980 3410 1146 3532 reciperent:
1174 3429 1246 3481 quas

160 3476 252 3546 ampla
269 3486 297 3529 et
315 3478 446 3547 populosa
466 3483 494 3528 et
511 3476 647 3545 praesidio
670 3478 785 3530 militari
803 3480 938 3550 rebusque
966 3482 1038 3532 omni
1060 3498 1091 3533 ns
1116 3482 1192 3533 llrma
1218 3491 1247 3539 et

160 3548 284 3610 munita,
304 3547 334 3597 in
353 3548 540 3616 praesentibus
562 3549 640 3600 malis
659 3564 715 3601 non
735 3551 866 3602 mediocri
884 3553 984 3604 solatio
1005 3568 1063 3604 esse
1082 3559 1174 3622 queat,
1211 3554 1246 3607 Se

162 3620 247 3680 enim,
265 3617 386 3688 quamvis
407 3617 479 3670 Crali
496 3618 660 3681 subiectum,
675 3620 756 3671 malle
777 3621 935 3674 Berrhoesm
948 3623 1072 3692 aliasque
1085 3623 1244 3676 occidenta-

160 3690 203 3742 les
223 3687 303 3739 urbes
321 3689 426 3756 ipsum,
454 3706 535 3759 quarn
554 3688 679 3753 Craterus,
708 3690 849 3744 dominum
869 3708 1027 3761 agnoscere,
1055 3693 1100 3744 cui
1118 3694 1245 3748 nolentes

161 3758 299 3842 pariturae
326 3760 400 3824 sint,
427 3774 486 3810 euru
518 3769 611 3811 contra
642 3762 671 3813 in
699 3774 761 3812 eum
788 3763 984 3831 propendeant,
1024 3762 1099 3814 Haec
1129 3766 1245 3818 audiens

161 3837 319 3898 insperatos,
336 3830 436 3898 gaudio
457 3829 568 3882 exsiluit
587 3839 616 3884 et
636 3847 651 3880 a
671 3838 714 3883 tot
733 3831 969 3884 sollicitudinibus
992 3833 1152 3901 respiravit,
1173 3834 1247 3889 diri-

161 3915 227 3951 num
247 3915 348 3951 numen
368 3917 396 3951 se
417 3902 567 3967 respexisse
587 3909 616 3953 et
639 3901 777 3953 bominem
797 3902 928 3954 instinctu
947 3919 996 3955 suo
1015 3906 1181 3968 concitasse,
1201 3923 1246 3958 ra-

160 3977 214 4022 tus.
243 3969 401 4038 Quaerebat
418 3977 519 4032 sistens,
536 3988 602 4023 uum
617 3973 761 4039 primarios
777 3980 869 4023 nosset
885 3980 913 4025 et
932 3973 967 4025 ad
984 3988 1052 4042 quos
1072 3975 1246 4030 scribendum

161 4038 326 4091 hortaretur.
346 4040 382 4091 llo
404 4039 571 4104 affirmante,
590 4058 618 4093 se
636 4058 730 4093 ornnes
750 4060 846 4104 nosse,
868 4052 894 4094 et
913 4046 1030 4114 optimos
1055 4060 1179 4117 quosque
1196 4048 1247 4104 cle-s

161 4108 279 4176 ligeute,
307 4108 332 4159 ei
351 4111 516 4178 imperator,
543 4120 574 4164 ut
593 4113 679 4180 probe
701 4113 871 4175 consulenti,
891 4113 1061 4184 obsequens,
1086 4115 1146 4167 sine
1170 4132 1246 4169 οιοιι

162 4179 276 4247 scripsit
313 4179 406 4231 Suasit
423 4189 561 4249 praeterea
589 4183 732 4243 Arbenus‚
759 4183 864 4235 Cralem
890 4202 1015 4257 quoque,
1042 4187 1064 4237 si
1082 4185 1189 4254 possit,
1211 4204 1245 4242 eo

160 4259 331 4320 permoveat,
358 4259 390 4304 ut
405 4250 461 4305 sibl
482 4269 541 4306 essu
559 4251 656 4318 cedat,
685 4260 834 4328 aperteque
855 4273 960 4312 causata
986 4255 1045 4309 eius
1070 4257 1146 4329 apud
1179 4261 1245 4318 ller-
