2934 4700
442 285 736 386 'maronianum
765 323 820 385 ιιι.
846 325 899 393 rr.
1166 287 1221 375 85

137 468 381 549 ονσκευόζοντος
399 470 558 556 εἰρῆσθαι.
590 469 821 559 δπατριόρχης
833 473 870 538 δέ
894 471 1133 538 ἀντικαθίστατο
1145 466 1370 554 epicturus

137 569 209 646 τοός
230 569 344 653 λόγους
363 569 440 650 καί,
458 570 504 655 μὴ
534 574 612 655 δεῖν,
632 569 747 655 ἔλεγεν,
762 569 882 647 αδτοδς
900 564 1041 645 desieras<
1058 574 1226 654 θορυβεῖν,

133 666 217 734 sitici
249 668 419 734 uerteretur
447 677 517 746 τοῖς
543 674 685 752 βασιλίδι
712 670 768 735 καί
792 672 918 760 μεγάλῳ
940 671 1112 756 δομεστίιιιμ
1131 669 1228 752 έγνον-

134 767 273 849 σμένοις.
310 771 346 832 ἐν
365 764 491 844 τούτοις
512 771 547 833 δὲ
564 775 622 855 τῆς
641 767 747 854 ἔριδος
765 772 896 847 έκείνοις
917 762 1032 853 oriere,
1065 766 1136 835 turi
1153 769 1227 833 έπέ-

115 877 238 942 5παστο
270 869 437 954 φανέντος,
470 878 538 944 τοῖς
566 872 627 951 μέν
658 863 763 945 ἄλλοις
783 866 890 953 οἵσπερ
910 866 1111 955 όργιζόμενος
1131 860 1227 932 οόδδν

135 965 276 1050 εἰρήκει·
318 959 575 1053 πατριόργηνῖδέ
600 970 778 1055 ἐμέμφετο,
811 963 861 1035 ότι
887 968 1029 1054 οἷνοήτοον
1049 963 1227 1050 α’νθρόποον

135 1065 303 1149 προσέχων
322 1067 435 1150 λόγοις,
456 1070 563 1151 ἕστηκε
582 1065 663 1152 πρός
678 1067 794 1145 αότοός
814 1070 997 1152 λογομαχοῖν
1015 1069 1071 1134 καί
1085 1067 1227 1152 θόρυβον

135 1169 243 1231 τινοῖν.
285 1161 495 1248 συνεβούλευέ
512 1187 546 1231 τε
563 1162 642 1231 οἴκοι
664 1167 814 1232 α’πελθείν
840 1171 896 1233 καί
923 1170 1024 1252 μηδέν
1044 1163 1123 1251 πρός
1143 1163 1321 1241 orel-mm

135 1289 209 1341 νους
228 1266 444 1351 διαφέρεσθαι
463 1267 539 1346 νῦν,
570 1260 613 1342 ὥς
633 1267 666 1340 ές
683 1262 741 1349 τήν
762 1262 935 1350 όστεραίαν
954 1261 1024 1347 ἅμα
1042 1264 1131 1354 αότρλ
1150 1268 1225 1351 περὶ

98 1367 202 1435 roseis
222 1365 394 1448 εἰρημένων
415 1364 613 1453 ποιησαμένῳ
633 1365 737 1447 λόγον.
776 1366 958 1449 προέπεμπό
977 1387 1012 1431 τε
1031 1357 1108 1450 rippa
1126 1365 1225 1430 inune

137 1462 323 1549 θεραπείαν
351 1459 406 1527 διδ
433 1461 491 1546 τήν
523 1460 605 1549 πρός
633 1461 733 1528 αὐτόν
751 1467 955 1549 γεγενημένην
975 1467 1112 1547 μέμψιν,
1134 1456 1224 1528 οόπιο

138 1559 287 1646 πρότερον
311 1566 405 1626 rorico
437 1562 655 1646 εἰργασμένος,
691 1564 761 1628 ἀλλ’
788 1565 823 1629 έν
849 1572 914 1641 τοῖς
937 1566 1110 1645 βασιλείοις
1127 1564 1226 1639 οἴνοις

138 1660 379 1742 συνταττόμενος
408 1653 620 1748 ἀναστρέφειν
648 1661 782 1738 είαθοός.
833 1666 879 1739 εἰς
898 1666 1050 1745 βασιλίδα
1071 1666 1107 1728 δέ
1127 1656 1330 1739 ordiremini

136 1759 153 1824 ό
171 1764 273 1842 μέγας
295 1762 476 1841 δομέστιιιος
496 1757 698 1844 ἐπανελθών,
719 1761 776 1847 τὴν
796 1763 902 1827 αἰτίαν
921 1764 978 1827 τοῦ
998 1760 1141 1847 θορόβου
1156 1764 1226 1847 διη-

99 1869 236 1944 ιὸγεῖτσ,
279 1854 364 1935 όποος
390 1882 425 1922 τε
456 1856 551 1934 αότός
570 1862 625 1943 τῆς
646 1857 781 1944 ἀκαίρου
792 1864 996 1944 οριλονειιιίας
1016 1860 1227 1944 μεμψόμενος

137 1960 358 2043 πατριάρχην,
388 1951 438 2021 ότι
458 1957 599 2042 α’νσήτοιν
619 1955 798 2043 α’νθροόνιονν
817 1958 971 2045 πρσσγοίνγ
993 1956 1095 2044 λόγοις
1115 1956 1226 2042 έχουσι

132 2061 233 2143 μηδὲν
263 2058 371 2142 δγιέςζ,
400 2059 619 2141 παραινέσειεν
647 2056 756 2123 οἴκαδε
785 2060 972 2143 ἀναχωρεῖν.
1013 2052 1225 2144 διῖσχυριζετό

134 2182 168 2223 τε
198 2154 256 2223 καί
277 2154 376 2233 αότός
399 2156 690 2242 ἐπιμαρτυρόμενος
708 2155 801 2241 θεὸν,
832 2153 877 2235 οἷς
896 2158 990 2223 οὐδέν
1009 2161 1072 2223 τοῖν
1094 2158 1223 2240 λεγομέ-

134 2282 197 2324 νοον
226 2259 405 2341 συνειδείη,
436 2255 502 2321 ἀλλ’
530 2253 594 2320 όπό
628 2280 722 2322 τινων
742 2252 943 2322 δπαιδεότονν
968 2255 1025 2319 ὑπ’
1046 2257 1250 2332 αόθαδειαςῑ

95 2355 274 2443 notissime
300 2358 453 2443 ιιινηθεόγ.
483 2355 673 2441 έπαινοόσης
700 2358 737 2422 δέ
763 2359 821 2443 τῆς
843 2358 1008 2438 βασιλίδος
1028 2357 1083 2421 dns*
1100 2359 1146 2442 τῷ
1166 2352 1224 2419 τόν

135 2461 278 2544 θόρυβον
295 2464 506 2539 καταστεῖλαι,
537 2460 628 2539 ,,α’λλ’
647 2460 755 2546 έκείνορ
783 2459 862 2539 μέν”
886 2455 903 2522 ό
924 2457 1024 2539 μέγας
1044 2456 1225 2534 δομέοταιος

132 2555 195 2645 ἔφη
213 2557 469 2640 ,συνεβούλευσα
488 2561 588 2642 μηδὲν
602 2558 774 2642 προσθέντι
787 2565 852 2634 τοῖς
862 2557 1039 2641 ἐἰρημένοις
1052 2555 1224 2636 ἀπελθεῖν,

134 2655 218 2722 οὕτω
248 2654 386 2722 συνιδών
421 2652 539 2743 ῥᾳδίας
571 2655 811 2741 διαλόσειντὴν
846 2657 1048 2742 φιλονεικιαν,
1083 2648 1224 2736 μάλιστα

133 2755 211 2842 περί
238 2758 315 2838 ἐμοῦ
341 2758 557 2841 γεγενημένην.
607 2757 661 2820 σοι’
680 2758 736 2839 δέ,
762 2754 808 2841 μὴ
828 2753 885 2841 τήν
905 2754 1085 2820 αόθόδειαν
1104 2751 1226 2837 σ’τιμοό·

186 2930 212 2966 a.
229 2914 279 2965 ιιαλ
294 2911 387 2985 μηδὲν
406 2911 507 2983 ἔλεγεν
525 2908 601 2985 πρός
617 2902 725 2972 eclesie
741 2913 779 2968 ld.
853 2914 1064 2988 ι6.πατριίργγ
1071 2914 1097 2966 Ρ.

133 3058 193 3127 ipso
213 3056 323 3109 conscio
351 3063 380 3110 et
399 3055 468 3109 clam
487 3056 555 3109 tatia
579 3056 712 3110 mellente
736 3056 801 3111 dici.
836 3055 989 3111 Patriarcha
1013 3072 1108 3110 eorum
1132 3069 1221 3108 asser-

133 3127 201 3179 tioni
228 3126 382 3189 adversari,
409 3134 437 3181 et
461 3126 534 3179 nihii
557 3126 735 3193 turbandum,
766 3125 815 3180 sed
834 3128 885 3191 ils,
909 3144 981 3199 quae
999 3124 1164 3196 imperatrici
1190 3131 1221 3177 et

131 3215 229 3269 magno
254 3196 403 3251 domestico
428 3198 613 3267 placuissent,
646 3196 856 3270 obsequendam
883 3197 1057 3252 contendere.
1092 3196 1161 3249 Cum
1188 3194 1220 3247 in

130 3269 181 3321 laoe
196 3277 270 3322 esset
288 3269 469 3322 controversia
488 3270 547 3320 eins
569 3285 602 3319 ue
627 3277 774 3338 conspectu
799 3284 893 3322 omues
917 3269 1130 3328 conticuissent,
1155 3265 1219 3318 aliis

131 3339 242 3409 quidem
260 3339 338 3391 velat
354 3341 438 3391 iratus
455 3338 527 3391 nihil
545 3285 629 3392 derit:
657 3338 840 3408 patriarcham
862 3347 953 3392 autem
972 3338 1124 3407 increpuit,
1142 3334 1220 3422 quod

131 3407 288 3462 hominibus
307 3410 504 3478 insipientibus
524 3425 603 3461 aures
623 3410 821 3463 commodasset
839 3416 868 3460 et
892 3410 1036 3463 verborum
1063 3423 1122 3459 cum
1149 3404 1217 3475 rpsls

131 3480 328 3549 digladiatione
349 3479 443 3533 sorbas
460 3481 612 3532 excitasset
648 3480 765 3533 Proinde
781 3482 888 3549 litigare
906 3486 1038 3533 cessaret:
1060 3476 1169 3529 domum
1186 3490 1217 3529 se

130 3560 296 3620 capesseretr
312 3552 446 3620 postridie
464 3566 554 3605 seeum
574 3549 609 3601 de
626 3550 676 3603 lite
694 3559 820 3605 acturus:
845 3559 874 3602 et
895 3551 933 3602 ita
950 3565 1038 3621 usque
1060 3547 1096 3600 ad
1112 3563 1217 3618 equum

130 3620 261 3685 deduxit,
280 3621 334 3677 hoc
350 3622 439 3675 officio
459 3619 632 3689 obiurgatum
649 3620 803 3684 deliniens,
831 3621 906 3692 quod
929 3627 993 3675 ante
1012 3637 1070 3672 non
1092 3618 1215 3678 solebat.

129 3693 175 3746 secl
193 3695 223 3743 in
253 3694 442 3761 penetralibus
468 3692 566 3760 palatii
592 3691 745 3744 valedicere
772 3708 804 3744 ac
829 3693 927 3744 reverti
954 3698 1137 3747 consueverat.
1172 3686 1216 3740 sd

128 3762 325 3835 inperatricem
344 3771 435 3817 satem
454 3763 581 3821 redicas,
605 3762 738 3816 tumultus
756 3778 864 3814 musam
891 3768 983 3813 narrat
1006 3766 1111 3830 etque
1153 3766 1213 3811 acto

128 3835 310 3906 patriarcham
338 3843 450 3904 propter
479 3833 699 3901 intempestivam
734 3832 963 3886 concertationem
993 3776 1215 3899 reprehendisset

129 3905 258 3976 quodque
276 3904 422 3957 stultorum
447 3919 584 3957 sermones
613 3905 721 3972 ineptos
746 3904 930 3960 attendisset:
959 3908 988 3954 et
1011 3916 1072 3953 eum
1097 3901 1139 3951 uti
1164 3896 1214 3951 do-

129 3993 197 4030 mum
217 3974 323 4036 abiret,
342 3975 538 4028 admonuisset
573 3974 753 4029 Asseverahat
771 3973 837 4026 item
854 3989 887 4023 ac
903 3973 990 4024 Deum
1012 3978 1109 4023 testem
1128 3968 1214 4020 l'aele·

130 4044 189 4111 bat,
207 4063 237 4098 se
262 4046 367 4098 nullius
387 4045 484 4097 horum
502 4059 561 4096 esse
578 4047 729 4098 consciam:
757 4043 806 4097 sed
829 4042 865 4095 ab
889 4043 1024 4111 imperitis
1047 4038 1213 4110 quibusdam

130 4117 243 4187 superbe
260 4133 294 4168 ac
311 4114 411 4168 stolide
435 4132 467 4167 ea
491 4115 603 4167 moveri.
639 4113 730 4183 Quem
758 4131 820 4169 curn
846 4113 881 4167 de
905 4113 993 4166 turbis
1013 4111 1114 4165 sedatis
1138 4123 1212 4159 eorn-

130 4188 267 4241 sseadaret
285 4186 459 4256 imperatrix,
486 4185 540 4238 Sed
558 4186 602 4238 illi
639 4184 751 4246 uidem,
773 4185 802 4237 in
824 4185 865 4236 uit
891 4200 1001 4251 magnos
1027 4178 1210 4237 domesticus,

130 4261 212 4323 sassi,
230 4259 305 4321 nihil
322 4254 467 4327 verborum
484 4256 597 4315 adderet
614 4201 783 4329 domumque
821 4255 965 4321 'scederetj
984 4251 1150 4318 intelligens,
1169 4247 1212 4303 sia
