2934 4700
458 335 742 404 ιιιειοιιιιευιι
776 343 831 404 ιιι.
853 347 906 414 ιι.
1136 316 1239 422 453Ι

146 492 279 574 βασιλέα
296 485 352 553 τάν
365 485 444 570 υλὸν,
466 491 589 575 πράτον
603 493 663 572 μὲν
682 487 872 570 οάδάἀτοῖς
888 493 1039 580 πρότερον
1059 493 1295 579 desciuerant.
1305 506 1371 577 stt!

147 593 221 654 οδδὲ
237 586 297 673 γὰρ
315 583 418 652 ἐκάλει
432 594 527 673 χρεία
539 608 607 665 σις’
633 588 690 657 τὸν
703 589 773 657 ἴσον
791 594 826 657 δὲ
841 591 932 678 λόγον
951 594 1007 659 καὶ
1024 592 1226 682 περὶαύτῶν,

145 683 250 772 ἀσπερ
267 686 323 751 καί
333 686 408 771 περὶ
418 689 583 770 βασιλέως,
598 688 683 775 φημὶ
695 691 817 755 δίκαιον
828 687 909 755 εἶναι
923 693 1092 774 σώζεσθαι,
1113 693 1148 760 τὸ
1168 700 1254 762 καίΒ

141 791 242 872 χοιρίς
261 779 362 870 ὅρκων
378 783 448 852 τινά
476 789 557 872 μηδὲ
570 789 681 865 ου’τοῖς
692 789 807 866 ἐξεῖναι
818 791 1051 875 ἐπιβουλεύειν,
1067 797 1147 878 μηδὲ
1162 821 1224 859 πα-

121 885 328 971 5ραιρεῖσδαι
352 881 409 970 τὴν
439 883 562 971 ἀρχήν,
582 878 625 952 εἰ
642 886 689 970 μὴ
711 891 858 973 φανερῶς
887 887 1007 974 αἱροῖτο
1027 891 1156 959 ἀδικεῖν.
1196 895 1226 959 εἷ

142 986 178 1049 δὲ
207 981 283 1058 τούς
311 977 445 1068 ὕστερον
473 986 521 1047 ἐπ’
556 979 656 1049 edred
681 989 903 1069 γεγενημένους
931 991 1032 1072 λέγει,
1066 991 1126 1073 ἐγώ
1162 996 1224 1073 μὲν

142 1081 258 1147 σι’δὲνα
290 1079 364 1165 περὶ
392 1080 518 1147 ἐκείνων
546 1088 708 1149 ποιεῖσθαι
744 1080 836 1167 λόγον
867 1084 1043 1171 ἐβουλόμην
1072 1092 1161 1154 αἰδοῖ
1183 1097 1225 1177 τῇ

139 1179 222 1266 πρὸς
242 1180 347 1244 αὐτόν.
395 1183 425 1245 ai
445 1182 475 1244 δ’
492 1183 607 1257 ἐκεῖνος
625 1179 795 1265 ἀναγκάζει
815 1183 1049 1251 τῶντοιούτων
1074 1187 1132 1272 τὴν
1154 1190 1221 1266 ἐξέ-

138 1303 253 1360 τασιν,
286 1280 317 1343 εἰ
334 1280 454 1360 μᾶλλον
475 1279 591 1355 ἐκεῖνος
612 1278 674 1343 ἀπὸ
699 1282 928 1348 τῶντοιούτων
948 1288 1094 1369 φαίνοιτο
1115 1288 1223 1372 ἐπισρι

101 1380 225 1458 ιοκῶν,
249 1380 391 1460 στέργειν
422 1377 553 1443 δίκαιον.
608 1376 668 1462 ἐγώ
688 1376 751 1463 γάρ
771 1378 850 1461 μετά
867 1379 924 1465 τήν
943 1385 1098 1463 βασιλέως
1118 1391 1223 1449 τελευ-

139 1473 198 1558 τὴν
234 1469 326 1562 ἆλτ’γιρ
354 1471 501 1561 ὕστερον,
535 1473 619 1561 δρῶν
645 1472 741 1542 αάτόν
759 1482 823 1557 ταῖν
845 1483 1010 1546 πολιτικῶν
1029 1481 1222 1566 πραγμάτων

139 1565 252 1656 ἀρχειν
279 1576 497 1659 ἐπιχειροῦντα
526 1574 583 1639 κατ’
608 1572 853 1658 ἀποκνιζόμενον
879 1581 923 1653 εἰς
950 1584 1135 1664 φιλοτιμίαν
1166 1582 1224 1644 καί

138 1667 233 1749 δόξαν
265 1671 423 1756 ἀρχικήν,
444 1672 528 1756 τό,τε
566 1671 723 1739 ἐνδιδόναι
753 1675 833 1760 πρὸς
862 1674 921 1761 τὴν
940 1674 1049 1763 ἔφεσιν
1069 1677 1112 1754 ὥς
1134 1678 1244 1742 ἀλα-0

136 1773 254 1845 σιτελὲς
275 1768 378 1854 ipsis,
403 1769 604 1858 (insinuens
624 1773 685 1859 γάρ
709 1776 746 1839 ἐκ
763 1772 879 1839 τούτου
899 1775 1019 1851 πολλαὶς
1038 1775 1220 1862 ἀναφυιγσε-

98 1871 216 1933 :coum
252 1871 456 1952 διχοστασίας
495 1860 551 1937 sat
581 1869 721 1949 στάσεως
757 1867 950 1960 ἀφορμὰς,)
971 1869 1053 1953 τό,τε
1089 1874 1221 1940 κωλύειν

133 1960 280 2053 φανερῶς
301 1966 358 2052 τὴν
384 1971 578 2053 ἐπιχειρησιν
605 1968 763 2054 φθονερὸν
793 1970 849 2034 κατ’
869 1970 1060 2057 μοναρχικὸν
1093 1974 1216 2052 δοκοῦν,

133 2067 189 2130 καί
209 2067 361 2142 τοιούτοις
380 2064 569 2153 ἀμφιβόλοις
591 2074 750 2150 λογισμοῖς
767 2068 899 2135 ἐπιπολδ
920 2075 1099 2152 παλαίσας,
1129 2075 1218 2147 τέλος

133 2162 227 2241 ἔδοξα
247 2169 381 2247 μᾶλλον,
405 2168 436 2230 εἰ
453 2166 508 2231 κατ’
523 2164 569 2251 μὴ
593 2177 656 2243 τοῖς
676 2167 873 2250 πράγμασιν,
895 2167 965 2231 ἀλλ’
979 2170 1105 2255 ἐμαυτῷ
1128 2176 1218 2233 tuor-

131 2269 247 2345 τελεῖν,
269 2264 468 2346 ἀποσχέσθαι
491 2269 556 2330 τοῖν
574 2267 769 2352 πραγμάτων
800 2268 854 2351 τῆς
874 2268 975 2352 ἀρχῆς
1013 2264 1069 2328 καί
1098 2263 1218 2346 διάγειν

93 2369 200 2431 acuar’
216 2361 375 2445 ἐμαυτὸν,
396 2364 452 2429 καί
467 2363 512 2450 μὴ
536 2374 601 2440 τοῖς
619 2365 794 2446 Ῥωμαίοις
819 2364 915 2442 αἴτιος
942 2365 1045 2430 κακοῖν
1076 2358 1218 2449 ὀφθῆναι

133 2463 320 2548 ἀνηκέστων.
363 2460 420 2527 καί
438 2462 526 2551 ederi
544 2459 742 2550 χρησάμενος
762 2466 941 2550 πρεσβευτῇ
957 2460 1035 2547 πρὸς
1054 2463 1217 2545 βασιλίδα,

133 2558 319 2646 ἀπειπάμην
346 2559 404 2646 τήν
424 2561 538 2648 ἀρχήν.
580 2562 599 2649 ἦ
624 2564 659 2627 δὲ
692 2567 735 2650 τῷ
756 2559 895 2649 ἀδοκήτῳ
926 2559 986 2647 τήν
1003 2558 1100 2644 α’κοὴν
1122 2567 1249 2624 κατα-1)

132 2719 192 2764 turn
209 2712 316 2764 asserit.
352 2710 381 2760 Si
401 2712 555 2764 iuramenta
574 2712 718 2783 inteiligit,
738 2728 808 2783 quae
830 2709 997 2780 imperatrici
1015 2719 1044 2763 et
1060 2709 1219 2831 imperatori

132 2782 193 2832 iiiio
221 2781 382 2842 iuraverim,
405 2783 523 2850 primurn
552 2781 664 2852 quidem
691 2798 742 2834 nee
769 2785 778 2834 i
801 2782 836 2836 ais
865 2781 971 2842 iuravi,
996 2797 1057 2831 curn
1085 2781 1094 2830 i
1141 2779 1218 2830 nulia

130 2851 281 2904 necessitas
307 2852 474 2920 requireret,
506 2858 535 2902 et
561 2852 596 2905 ed
618 2869 662 2904 me
687 2799 891 2906 defendentum
915 2851 1030 2903 eandem
1065 2852 1218 2901 orationem

131 2921 224 2973 valere
249 2929 376 2989 oportere
399 2920 481 2984 dieo,
506 2937 561 2991 qna
583 2921 618 2972 de
648 2922 812 2990 imperatore
830 2939 894 2972 usus
916 2937 993 2973 sum:
1025 2921 1101 2988 quod
1118 2934 1217 2985 nempe

132 2993 217 3043 etiam
248 2984 308 3042 sin'e
330 2992 483 3043 iuramento
506 3006 558 3043 nee
585 2992 642 3043 iliis
670 2992 805 3062 quispiam
828 2990 951 3041 insidiari
984 2997 1085 3060 quent,
1125 3003 1216 3105 noane

131 3062 249 3131 imperio
268 3077 315 3111 eos
334 3076 458 3122 movere,
476 3061 530 3113 nisi
547 3063 722 3113 menifestum
740 3062 827 3112 scetus
846 3060 986 3127 designare
1003 3058 1128 3110 volucrit.
1183 3058 1215 3108 in

130 3130 164 3184 de
188 3130 351 3182 iuramentis
370 3130 397 3181 lo
418 3131 512 3194 uitur,
538 3147 610 3201 quae
628 3132 682 3200 ipsi
700 3138 796 3200 postea
815 3128 998 3197 (patriarchae
1016 3126 1141 3196 iuquam)
1166 3124 1216 3177 de·

130 3201 215 3253 derirn
225 3239 234 3263 ,
252 3200 382 3273 equidem
399 3147 541 3252 iominsns
560 3205 706 3264 reveritus,
723 3200 829 3253 nullum
848 3216 930 3261 super
948 3199 982 3250 iis
1000 3198 1112 3251 verbum
1132 3193 1214 3247 edere

129 3273 317 3337 cogitaveram.
371 3271 444 3341 Quia
477 3286 540 3322 sero
567 3271 626 3340 ipse
654 3287 686 3324 ea
718 3272 748 3321 in
772 3286 884 3322 examen
909 3270 981 3338 cogit
1012 3267 1163 3326 deducere,
1188 3264 1213 3315 si

74 3343 76 3352 ’
130 3342 214 3408 magir
241 3342 307 3393 inde
333 3343 423 3410 ipsum
450 3340 587 3423 peierasse
613 3340 751 3406 docuero,
776 3341 807 3392 in
832 3340 932 3392 bonam
957 3345 1061 3406 partem
1086 3335 1212 3403 accipiat.

130 3411 185 3475 Ego
210 3428 328 3483 namque
353 3418 457 3463 recenti
474 3410 645 3479 imperatoris
663 3410 765 3473 obitu,
784 3426 844 3461 cum
864 3409 984 3462 viderem
1007 3423 1068 3459 eum
1092 3403 1127 3455 ad
1153 3420 1212 3456 rena

130 3478 267 3549 publicam
293 3481 460 3533 tractandam
494 3496 522 3532 se
556 3480 678 3549 ingerere
709 3488 738 3531 et
766 3479 918 3531 ambitione
947 3485 1031 3547 atque
1057 3473 1211 3543 imperandi

131 3548 217 3618 gioria
240 3554 361 3616 prurire,
386 3567 436 3603 nec
464 3553 629 3620 ignorarem,
666 3566 748 3620 quarn
780 3549 851 3603 nihii
877 3548 1019 3620 prodesset
1055 3543 1211 3596 huiusmodi

129 3619 295 3687 appetitioni
313 3620 464 3689 indulgere,
482 3622 606 3690 (multans
620 3621 692 3671 eninr
707 3621 773 3672 inde
784 3610 979 3672 discordiarum
996 3632 1027 3668 ao
1044 3614 1211 3668 seditionum

130 3690 281 3745 materians,
306 3691 469 3746 exoriturum
494 3690 734 3760 praesentiebam‚)
763 3692 855 3757 palum
880 3697 971 3739 autern
997 3686 1056 3737 eiua
1083 3692 1209 3737 conatum

129 3758 278 3826 infringere
311 3758 475 3812 invidiosum
505 3777 537 3812 ac
563 3760 719 3827 tyrannicae
744 3760 884 3811 cuiusdam
904 3756 1083 3809 affectationis
1112 3753 1210 3816 videri,

129 3826 283 3882 istiusmodi
302 3830 413 3881 incertis
432 3846 463 3882 ae
483 3829 577 3882 dubiis
596 3828 809 3897 cogitationibus
827 3829 874 3880 diu
895 3828 1029 3888 luctatus,
1052 3823 1163 3877 tandem
1184 3824 1209 3875 si

129 3914 183 3948 non
202 3897 395 3966 reipublicae,
418 3909 446 3951 at
469 3908 542 3952 certe
560 3900 687 3951 mihimet
702 3896 924 3967 prospiciendum
942 3904 971 3947 et
988 3897 1070 3946 vitem
1087 3910 1174 3950 meam
1192 3909 1209 3945 a

129 3967 299 4032 publicorum
318 3971 489 4037 negotiorum
508 3972 622 4038 strepitu
644 3975 791 4027 remotam,
812 3968 871 4018 ctio
887 3965 1003 4018 honesto
1022 3965 1209 4033 tranquillita-

131 4036 207 4102 tique
231 4039 360 4091 mandare
385 4038 507 4102 decrevi,
534 4057 569 4091 ne
597 4037 723 4091 Romania
749 4038 948 4088 teterrimorum
972 4032 1208 4087 incommodorum

131 4114 253 4169 caputet
269 4111 344 4177 origo
362 4110 497 4160 exstitisse
517 4119 635 4176 putarer.
671 4108 764 4175 Quare
787 4106 882 4159 eodem
901 4123 963 4158 usrss
986 4104 1074 4171 legato
1098 4102 1132 4153 ad
1152 4101 1208 4150 Au·
1262 4173 1265 4174 γ

131 4180 250 4238 gustam,
274 4180 383 4246 imperii
403 4182 596 4247 procuratione
612 4196 656 4231 me
673 4177 807 4228 abdicavi.
849 4177 928 4245 Quae
946 4174 1088 4226 auditione
1106 4173 1208 4238 impro-

131 4242 187 4296 visa
214 4242 413 4316 obstupciscta,
439 4247 696 4319 abdicationemqae
725 4263 815 4302 means
840 4260 1009 4302 communem
1027 4246 1207 4311 interpretata
