2934 4700
245 215 323 304 118
646 240 924 311 esurientem

93 406 162 464 bc.
175 401 287 487 rtdrtqi
305 420 340 480 γε
358 391 486 485 άβελφρλ
505 400 677 461 πείθεσθαι
698 398 865 482 προσήκει,
899 403 1102 489 πρεσβυτέρῳ
1121 422 1154 470 τε
1172 401 1230 486 τῆν
1248 396 1320 486 ἧλι-

239 499 311 563 κιάν
331 488 395 563 im
424 500 480 561 καί
497 498 617 577 μάλλον
653 496 745 577 όμάν
765 494 861 562 εἰδότι
878 502 1067 581 μεταβολαῖς
1085 524 1119 564 τε
1141 503 1196 566 κατ’
1215 524 1323 580 κοιινο-1

240 599 350 678 τομίας
373 592 562 681 πραγμάτων
579 598 723 680 χρῆσθαι
742 593 967 682 προσηκόντως.
1008 595 1113 680 οἴομαι
1133 601 1169 665 δέ
1188 599 1322 687 κάκείνρι

208 692 511 780 Βπερισποόδαστον
531 692 589 779 τὴν
607 693 744 781 μεγάλου
769 697 952 778 δομεστιλιου
972 693 1140 762 κατάλυσιν
1160 693 1261 781 εἶναι,
1283 692 1322 762 od

240 797 368 882 φέροντι
386 791 442 858 τόν
469 785 559 877 όγκον
580 797 637 879 τῆς
656 793 760 880 ἀρχῆς
779 795 836 860 καί
855 794 891 860 τό
915 791 1036 873 πάντας
1055 798 1090 860 ἐν
1110 792 1344 883 α’νάραπόδωνὸ

239 886 375 978 άγεσθαι
390 892 447 957 καί
461 894 617 979 φέρεσθαι
632 893 804 960 ὑπ’έκείνου
817 898 924 983 μοίρᾳ.
945 893 1005 978 ἐγιό
1020 888 1143 976 peselo
1162 892 1183 959 ἃ
1199 894 1325 981 συμριέ

240 1017 308 1079 ρειν
327 996 467 1076 νομίζω,
482 990 740 1075 συμβεβούλευκα
761 995 848 1075 ὑμῖν.
868 994 960 1059 αὐτοὶ
980 997 1010 1058 δ’
1019 993 1080 1060 εἴτι
1096 994 1171 1081 περί
1181 994 1325 1071 εόδοξάις

239 1092 331 1175 όμῶν
360 1092 465 1157 adreio
491 1094 548 1156 καί
574 1090 646 1174 βίου
668 1095 873 1180 περιφανείας
894 1092 1052 1179 κεκρίκατε
1073 1096 1257 1178 ἐπιχειρεῖν,
1277 1090 1324 1176 μὴ

138 1213 223 1273 νμτι
236 1195 406 1277 προΐεσθαι
426 1191 595 1274 α’ναγκαῖον
615 1188 671 1255 τόν
691 1189 823 1277 καιρόν,
861 1194 913 1258 ἵνα
933 1191 990 1276 μὴ,
1012 1189 1239 1278 παρελθόντος,
1268 1191 1324 1255 ου’-

241 1293 294 1356 δὲν
318 1285 516 1378 ω’φελιόμεθα
544 1291 579 1354 έκ
606 1291 662 1374 τῆς
681 1292 898 1372 μεταμελείας.
939 1293 1058 1357 ἐκείνου
1087 1289 1146 1377 γάρ
1170 1290 1367 1373 άπόιιιος,ιο

239 1390 343 1479 ῥᾷστα
363 1392 426 1455 πᾶν
442 1393 680 1473 κατορθωθείρ·
714 1383 753 1454 όν
774 1393 802 1453 d'
823 1392 859 1456 ἐκ
879 1392 934 1474 τῆς
955 1393 1122 1474 στρατείας
1140 1393 1325 1478 ἐπανέλθῃ,

240 1490 314 1556 οὐδὲ
333 1489 459 1574 γρόζειν
487 1492 634 1574 παραινεῖ
659 1494 799 1577 τολμᾷν,
832 1483 967 1573 ἢοόδὲν
986 1488 1076 1556 ἔσται
1105 1491 1142 1555 τά
1166 1493 1327 1570 κωλῦσον,

238 1587 275 1656 τό
295 1583 442 1676 μηδ’όπῃ
457 1589 512 1673 γῆς
534 1583 653 1671 διάγετε
668 1589 863 1671 α’γνοεῑσθαι.
883 1587 944 1672 ἐγώ
966 1591 1001 1653 δὲ
1025 1583 1062 1653 od
1085 1588 1187 1673 λόγοις
1208 1588 1326 1669 άπλαῖς,

242 1687 324 1753 diti
344 1690 400 1752 καί
417 1682 523 1772 όρκοις
537 1689 711 1773 παρέξομαι
726 1690 847 1764 πίστεις
866 1686 1003 1776 ἰσχυράς
1022 1692 1079 1756 τοῦ
1096 1689 1175 1775 πρός
1199 1710 1233 1752 τε
1251 1687 1327 1764 τούς

243 1781 368 1870 άγῶνας
388 1783 630 1872 προθυμότατον
644 1789 872 1873 παρασχέσθαι
884 1784 1015 1868 ἑαυτόν,
1035 1788 1091 1853 καί
1105 1787 1252 1874 χρήμασι
1272 1780 1367 1852 καίῑ5

149 1881 354 1963 Ρ.λορὸπλοις
379 1886 435 1950 καί
464 1885 596 1960 οἰκέταις
627 1882 880 1972 συναιρόμενον,
909 1889 965 1951 κατ’
980 1883 1061 1968 μετά
1082 1884 1138 1971 τήν
1157 1885 1330 1952 κατάλυσιν
1457 1881 1458 1884 “

244 1986 365 2050 ἐκείνου
392 1981 493 2049 πάντα
520 1983 662 2068 ποιήσειν
688 1983 728 2051 τά
760 1987 1012 2080 προστεταγμένα
1043 1982 1101 2071 ὕφ’
1128 1981 1234 2068 ὑμῶν,
1275 1983 1332 2050 καί

226 2082 332 2172 4παρά
347 2084 448 2149 πάντα
463 2079 518 2148 τόν
535 2086 607 2167 βίον
627 2086 661 2149 έν
680 2083 820 2170 όπιγκόου
836 2088 937 2175 μοίρᾳ
956 2086 1213 2167 τελέσειν,μηιλὲν
1230 2086 1331 2170 μηδέ-

243 2208 317 2250 ποτε
335 2180 415 2271 πρός
449 2182 534 2265 όμάς
563 2178 813 2269 άγνωμονὴσας.”
854 2185 987 2250 τοιαῦτα
1009 2180 1105 2249 εἰπάν
1127 2182 1183 2248 καί
1200 2186 1332 2270 προσέτι

242 2309 279 2370 γε
303 2279 409 2372 ὅρκοις
436 2284 694 2372 ἀσφαλισάμενος
720 2282 759 2351 τά
782 2287 951 2371 εἰρημένα,
981 2283 1052 2349 ἐπεὶ
1071 2284 1231 2369 κάκείνους
1260 2277 1371 2366 siguo

243 2385 471 2468 πεπεισμένους
489 2382 571 2469 πρός
589 2382 624 2448 τό
646 2386 797 2470 πράττειν
818 2383 857 2451 τά
878 2387 1137 2468 βεβουλευμένα,
1160 2381 1240 2469 πρὸς
1260 2385 1292 2449 Γ
1289 2409 1330 2447 α-

243 2487 347 2567 βαλάν
363 2481 509 2568 Ἰωάννην
529 2480 585 2548 τόν
604 2485 706 2566 μέγαν
728 2479 933 2571 δρουγγάρισν
953 2484 1077 2567 έλθάν,
1099 2481 1135 2560 ἃς
1154 2477 1194 2568 ἧν
1214 2485 1250 2548 ἐκ
1272 2486 1330 2566 τῆς

244 2580 326 2669 πρός
347 2579 479 2669 Κράλην
500 2585 669 2665 πρεσβείας
690 2575 764 2668 άρτι
784 2577 887 2668 ἥκων,
917 2582 979 2647 ὑπό
1000 2586 1059 2649 τοῦ
1075 2582 1214 2667 μεγάλου
1236 2584 1331 2663 lopr-

314 2720 342 2773 s.
360 2717 545 2790 συμφέροντα
563 2717 600 2770 Μ.
657 2722 696 2777 18·
715 2720 837 2775 τελέσειν
843 2758 853 2784 ,
870 2718 942 2792 μηδέ
960 2718 993 2775 δέ
1008 2734 1077 2774 ποτε
1097 2722 1124 2773 Ρ.

245 2856 394 2908 Romanum
413 2855 557 2925 Imperium
575 2855 651 2909 luero
668 2856 747 2910 vobis
767 2857 959 2928 apponendum
976 2856 1034 2911 siti
1053 2856 1138 2928 Quod
1155 2857 1179 2910 sl
1196 2873 1257 2910 men
1274 2863 1331 2910 tem

247 2926 355 2981 utiliter
371 2927 507 2979 monentis
534 2925 607 2979 nihii
630 2926 704 2996 apud
728 2944 776 2979 τοι
803 2927 877 2982 valet
901 2930 1005 2992 oratio,
1028 2935 1058 2980 nt
1084 2927 1161 2980 irntrl
1189 2936 1277 2981 vestro
1302 2936 1334 2981 et

246 2997 348 3050 seniori
367 3005 396 3048 et
415 2997 513 3050 melius
529 2996 642 3059 scienti,
661 3014 743 3069 quem
764 3012 798 3049 ex
816 3016 905 3051 rerum
930 2998 1126 3051 mutationibus
1146 2998 1333 3051 novitatibus-

246 3085 300 3140 que
320 3067 436 3119 fructum
457 3084 553 3137 cupere
572 3067 679 3138 possit,
697 3067 848 3135 creditote,
876 3086 958 3139 quem
979 3084 1028 3140 ego
1055 3072 1144 3139 ipsum
1167 3070 1257 3139 magni
1280 3069 1334 3121 do·

244 3139 350 3193 mestiel
369 3139 617 3191 exauctorationem
634 3137 714 3190 valde
733 3140 832 3207 opinor
850 3148 993 3208 expetere,
1015 3155 1071 3192 uon
1092 3140 1224 3192 forontem
1241 3141 1333 3208 impe-

245 3210 330 3263 rantis
348 3208 467 3269 lustum,
486 3223 633 3278 perquem
652 3222 745 3260 omnes
764 3217 796 3262 ut
815 3211 950 3280 mancipia
976 3209 1011 3261 ab
1039 3227 1072 3263 eo
1096 3218 1213 3278 aguntur
1237 3209 1334 3262 lerun-

245 3286 352 3349 turquo.
388 3278 443 3398 Ερα
463 3278 560 3348 igitur,
578 3294 648 3348 quse
669 3279 698 3330 in
716 3295 774 3331 rem
791 3289 907 3333 vestram
925 3280 1090 3344 iudicarem,
1107 3279 1185 3332 robis
1203 3283 1333 3348 exposu15

244 3365 291 3401 vos
309 3350 332 3400 si
352 3347 400 3418 qui
439 3363 488 3416 pro
506 3347 591 3415 gloria
609 3349 728 3401 nominis
746 3351 828 3404 vestri
847 3359 875 3402 et
893 3349 1057 3407 claritudine
1074 3352 1146 3406 vitas
1168 3350 1332 3405 tentandum

244 3419 407 3480 censuistis,
426 3417 513 3469 nolite
536 3417 658 3470 oblatum
676 3424 782 3489 tempus
801 3421 953 3492 negligere,
983 3439 1037 3493 qno
1056 3421 1260 3489 praeterlapso,
1286 3420 1333 3473 in·

245 3504 350 3542 cussum
370 3486 536 3557 poenitebit.
571 3488 623 3540 lllo
642 3491 715 3541 enim
733 3489 863 3553 absente,
891 3491 1097 3561 expeditissime
1120 3493 1212 3544 omnin
1236 3496 1334 3562 proce·

246 3560 313 3614 dent
330 3557 461 3611 feliciter:
482 3558 531 3628 qul
549 3559 571 3610 si
593 3559 628 3611 ab
648 3560 824 3629 expeditione
845 3556 975 3626 redierit,
991 3577 1035 3613 me
1054 3569 1164 3613 auctore
1177 3577 1213 3613 ne
1230 3563 1330 3615 mutire

246 3629 360 3702 quidem
380 3627 533 3682 audebitis:
554 3637 603 3682 sut
619 3628 691 3683 nihil
707 3629 883 3699 prohibebit,
913 3648 968 3705 quo
993 3633 1084 3685 minus
1102 3632 1252 3699 ignoretis,
1280 3629 1333 3684 ubi

244 3709 378 3753 terrerum
403 3700 498 3770 agatis.
539 3701 596 3754 Nee
622 3716 671 3772 ego
696 3699 787 3755 verbis
813 3702 911 3764 nudis,
940 3701 988 3755 sed
1012 3712 1040 3755 et
1064 3710 1232 3756 sacramento
1255 3701 1332 3754 dieto

245 3767 326 3823 tidem
343 3771 447 3822 firmum
465 3770 556 3834 dabo,
588 3788 632 3823 me
658 3774 688 3826 in
707 3769 761 3825 hoe
783 3773 931 3827 certamine
956 3772 1168 3844 impigerrimum
1194 3773 1334 3835 futurum,

243 3841 402 3911 pecuniam,
436 3857 524 3907 armo,
562 3858 652 3894 servos
678 3842 901 3913 suppeditantem
926 3853 970 3907 et,
1009 3859 1042 3896 eo
1070 3852 1263 3906 exauctorato,
1300 3842 1332 3895 in

246 3911 320 3966 omui
337 3911 394 3961 rita
410 3910 490 3965 robis
510 3911 672 3974 submotum,
691 3916 823 3981 imperatu
842 3923 931 3967 vestra
951 3914 1094 3978 facturum,
1112 3930 1163 3967 uec
1181 3913 1332 3985 quidquam

245 3983 276 4035 in
294 3998 341 4036 vos
362 3980 525 4036 illaudabile
547 3983 606 4035 desi
625 3993 759 4037 naturum.
788 3985 836 4037 llis
858 3985 938 4039 dietis
957 3993 985 4037 et
999 3984 1177 4039 iureiurando
1190 3982 1332 4047 subditis,

265 4054 375 4107 uoniom
396 4061 425 4106 et
442 4054 515 4124 ipsos
539 4052 575 4105 ad
596 4001 837 4124 oistempersudum
863 4064 973 4125 puratos
994 4054 1122 4116 videbat,
1146 4056 1181 4105 nd
1197 4053 1332 4108 loannem

244 4071 378 4177 dabatur
394 4140 521 4194 maguum
540 4124 734 4192 drongarium,
758 4126 808 4203 qui
832 4126 862 4177 iu
881 4126 1016 4196 legatione
1035 4124 1071 4176 sd
1098 4127 1203 4178 Cralem
1228 4141 1243 4175 s
1268 4140 1330 4176 nru-

244 4212 296 4265 ssno
318 4196 466 4250 domestico
486 4195 583 4249 missus
601 4201 765 4261 reverterat,
789 4193 907 4250 secedits
931 4194 1066 4268 numquid
1085 4194 1120 4248 de
1144 4211 1173 4248 se
1195 4193 1331 4262 audierit,
