2934 4700
470 327 752 399 ursmnrlaun
780 336 835 398 ιιι.
865 342 919 406 ιι.
1135 308 1213 424 ιλγ

139 489 172 555 δὲ
194 485 260 552 «tut
281 487 345 552 τῶν
364 483 554 571 πραγμάτων
575 484 741 574 φυσηθεὶς,
761 485 890 570 ἔμελλον
909 484 966 570 τὴν
977 484 1142 570 Ῥωμαίων
1155 490 1284 576 sip-be
1295 498 1357 573 siis

134 586 195 670 χὴν
215 587 345 673 ἐμαυτῷ
364 596 553 670 περιποιεῖν,
581 590 628 663 εἰς
646 588 803 668 βασιλέως
822 586 930 671 σχῆμα
947 583 982 652 τὸ
1002 585 1103 671 παρὸν
1121 610 1216 670 μετα·

133 683 251 770 βολῶν.
293 684 371 770 περὶ
386 687 446 766 μὲν
464 683 525 770 γάρ
544 688 604 752 τοῦ
625 681 884 771 παρεληλυθότος
903 680 987 749 adad
1010 682 1050 750 τά
1070 689 1217 772 πράγμα-

134 810 174 850 τα
188 781 503 869 ’συμμαρτυρήσειεν
532 777 571 850 iv
590 787 677 868 ἔμοι,
707 780 763 849 ini
781 784 818 848 δὲ
829 786 892 849 τῶν
911 784 1066 863 ἐσομένων
1086 784 1124 848 osi
1139 782 1217 851 θεόν

115 880 232 967 §piros
261 886 325 949 τῶν
351 886 606 965 βεβουλευμένων
625 879 799 969 ουνόοτορα
818 885 1019 967 παρέχομαι,
1053 881 1134 947 άλλά
1161 886 1218 949 καὶ

132 973 171 1059 ἐξ
189 975 299 1046 αὐτῶν
318 985 382 1046 τῶν
401 981 622 1066 παρελθόντων
646 984 710 1047 τῶν
728 976 904 1064 μελλόντων
922 978 1038 1061 ἔξεστιν
1057 980 1216 1063 ἀπόδειξιν

131 1084 300 1146 ποιεῖσθαι
318 1080 444 1165 έναργὴ.
483 1082 514 1145 εἰ
531 1077 594 1165 γάρ
614 1079 774 1161 τοιούτων,
796 1080 871 1144 οἵαν
893 1084 992 1166 φασιν
1006 1079 1036 1146 οἱ
1054 1080 1216 1169 συκοφάν-

131 1203 205 1260 ται,
226 1181 432 1260 ἐπεθύμουν,
463 1180 498 1244 τί
513 1176 659 1259 ἐνιόλυεν,
682 1177 776 1264 ἡνίκα
783 1228 793 1260 ,
821 1182 976 1261 βασιλέως
1001 1185 1215 1266 τελευτῶντος,

131 1276 208 1356 τοός
226 1280 350 1344 ἐκείνου
368 1279 486 1353 παῖδας
505 1273 597 1361 ἔχων,
618 1276 789 1362 ἐποιούμην
810 1275 850 1342 τά
870 1275 1015 1360 βασίλεια
1034 1276 1098 1345 άπὸ
1112 1303 1215 1366 φρου-

94 1382 179 1467 τορηῑ
199 1380 255 1442 καὶ
272 1373 352 1459 μετά
371 1377 479 1461 τρέτην
497 1372 619 1463 ἡμέραν
638 1379 693 1442 κατ’
709 1378 873 1458 βασιλίδος
894 1377 1085 1463 ἀφιγμένης,
1110 1376 1247 1445 πάνταο

133 1471 288 1562 χρήματα
308 1469 392 1560 ἡσαν
411 1478 462 1541 ἐπ’
480 1478 561 1558 ἐμοὶ,
582 1470 664 1541 ὥσθ’·
682 1469 740 1558 ό,τι
758 1479 902 1562 χρῆσθαι
920 1472 1110 1562 ἠβουλόμην,
1136 1477 1216 1546 sasl-

136 1598 214 1652 νονς
230 1579 289 1656 μὲν
308 1570 547 1657 ἀποκτιννύναι,
580 1573 678 1641 αὐτόν
698 1578 734 1641 δὲ
752 1572 812 1660 τὴν
832 1576 995 1658 βασιλείαν
1014 1566 1090 1640 sisso
1111 1571 1215 1644 πόντον

137 1670 223 1756 ἔχειν
241 1675 298 1738 soi
315 1672 474 1759 ἱδρώτων,
507 1673 632 1750 octobr
651 1670 700 1739 ἔτι
720 1676 906 1755 λειπομένου
924 1675 983 1739 sesi
1009 1671 1216 1760 τολμήσοντος

134 1766 351 1837 &nemmem
378 1773 466 1852 ἐμοίς
508 1769 570 1855 ἑγά
593 1775 628 1838 di
649 1772 688 1836 ori
707 1771 806 1855 μόνον
823 1775 965 1838 τοιοῦτον
983 1774 1077 1840 odila
1098 1766 1215 1862 ῶφθην

95 1867 328 1955 ιῦέιάνοηθείς,
348 1859 429 1935 όλλά
450 1866 505 1934 ναὶ
522 1872 568 1945 εἰς
588 1868 702 1956 ἐνάτην
720 1869 843 1957 ἡμέραν
862 1873 898 1937 ἐν
917 1874 974 1956 τῆς
991 1876 1145 1954 βασιλέως
1164 1897 1216 1939 τε-

131 1973 247 2052 λευτῆς
267 1970 302 2033 έν
319 1962 476 2058 άοφαλεέρ
498 1967 583 2057 πόση
600 1967 813 2055 καταοτὴσας,
830 1968 888 2056 τήν
909 1994 944 2036 τε
964 1969 1110 2057 φρουράν
1132 1969 1215 2058 άπὴ-

130 2090 227 2153 γαγον
255 2069 375 2132 ἐκεῖθεν
406 2071 461 2132 κατ’
488 2063 586 2143 αότός
606 2064 684 2132 οἴκοι
705 2068 884 2150 καταστάς,
921 2074 984 2134 τῶν
1010 2068 1215 2154 πραγμάτων,

132 2164 241 2252 ῶσπερ
263 2170 320 2231 ναὶ
337 2167 503 2251 πρότερον,
525 2161 668 2250 εἰχόμην,
690 2168 785 2232 autb
809 2171 1016 2249 ναινοτομῶν,
1042 2167 1217 2255 οὐδὲ-πρός

133 2262 169 2330 τό
198 2269 386 2330 λυσιτελοῦν
406 2261 479 2348 ἐμοὶ
497 2262 537 2328 τά
560 2261 729 2348 πράγματα
752 2266 937 2348 οἰκονομῶν,
970 2269 1003 2342 έξ
1027 2256 1074 2331 ῶν
1104 2258 1144 2332 άν
1167 2289 1217 2343 τις

93 2365 226 2455 τορίἡάη
255 2363 402 2446 δικαίας,
434 2367 480 2442 εἰς
499 2361 638 2445 ἐμαυτόν
665 2363 810 2448 μετάγειν
831 2368 1006 2450 πειρᾶσθαι
1025 2362 1083 2450 τὴν
1103 2363 1216 2451 άρχὴν.

133 2461 316 2549 ἐπιτρόποις
333 2487 367 2529 τε
385 2461 446 2548 γάρ
466 2458 649 2549 ἐχρησάμην
667 2467 730 2530 τῶν
749 2466 910 2548 ἐπαρχιῶν
928 2467 983 2529 καί
1000 2464 1062 2528 τῶν
1081 2460 1211 2548 πόλεων,
1221 2485 1246 2538 n

136 2566 171 2629 ot
186 2565 243 2630 sui
262 2562 413 2649 πρότερον
431 2555 513 2649 ἦσαν
531 2566 685 2647 βασιλέως
704 2566 925 2645 τελευτῶντος,
956 2559 1011 2626 καὶ
1030 2559 1093 2646 τὴν
1120 2588 1219 2648 στρα-

134 2659 217 2745 τιάν,
239 2655 299 2745 οόχ
318 2655 403 2738 ὅπως
423 2656 624 2747 εόνοὴοουοιν
643 2660 726 2746 ἑμοί,
750 2655 820 2727 ἀλλ’
838 2656 924 2739 όπιος
941 2659 1078 2744 μάλιστα
1095 2664 1140 2751 aqi
1154 2684 1218 2727 νοι-

135 2938 293 2983 mutaturus
311 2946 392 2985 eram
417 2930 541 3004 Namque
559 2931 594 2984 de
611 2932 776 3001 praeterito,
805 2947 847 2985 res
869 2930 943 3002 ipsae
960 2929 1013 2983 hoc
1029 2934 1218 2988 testabuntura

136 3018 167 3053 sn
189 3020 219 3055 er
238 3002 354 3066 futuris,
380 3017 437 3055 non
458 3005 546 3056 solum
573 3004 662 3057 Deum
685 3003 878 3074 cogitationum
903 3017 1023 3053 mearum
1045 3012 1144 3056 testem
1162 3004 1218 3067 do,

135 3020 186 3125 soal
203 3071 289 3125 etiam
315 3089 349 3125 ex
372 3074 439 3142 ipsis
465 3073 620 3145 praeteritis
651 3090 683 3125 ea
706 3072 814 3143 liquido
841 3068 952 3139 probari
978 3089 1057 3142 posse
1081 3073 1152 3126 dico.
1187 3072 1219 3124 Sl

135 3142 211 3196 cuim
232 3145 303 3205 ista,
324 3151 355 3196 ut
373 3142 556 3213 sycophantae
572 3143 748 3213 praedicant,
767 3141 1006 3210 concupiscebam,
1035 3144 1101 3214 quid
1138 3140 1217 3195 robl-

134 3213 239 3277 bebat,
258 3212 386 3282 quando,
405 3214 567 3283 imperatore
584 3214 735 3278 moriente,
762 3213 838 3265 illius
856 3211 927 3264 lilios
944 3210 1067 3276 babens,
1083 3161 1217 3281 palbtium

135 3282 299 3336 custodibus
314 3283 486 3347 muniebam,
507 3290 535 3337 et
552 3292 616 3354 post
633 3282 706 3337 diem
723 3284 851 3346 tertium,
873 3283 1043 3352 imperatrice
1061 3281 1217 3347 accedente,

135 3354 229 3406 omnia
249 3360 329 3406 crant
350 3356 381 3405 in
397 3371 478 3406 mauu
497 3369 571 3418 mea,
596 3362 628 3406 ut
645 3356 679 3407 iis
699 3354 733 3404 ad
751 3352 912 3405 arbitratum
935 3362 1045 3416 uterer,
1068 3355 1137 3425 quin
1154 3354 1217 3407 illos

136 3424 264 3477 emedio
282 3424 408 3475 tollerem
428 3423 552 3495 mihique
577 3425 721 3494 imperium
740 3425 807 3477 citra
830 3422 956 3476 sudorem
980 3440 1011 3476 ac
1034 3421 1156 3476 laborem
1173 3439 1220 3478 rs·

134 3495 273 3556 tinerem,
299 3493 377 3545 nullo
395 3495 448 3545 iana
470 3496 586 3557 relicto,
614 3494 662 3566 qui
680 3512 709 3548 se
726 3493 794 3547 mibi
812 3493 925 3546 auderet
947 3494 1107 3563 opponere?
1132 3493 1219 3563 Atqui

135 3580 180 3616 roe
196 3580 254 3616 non
272 3570 380 3615 tautum
401 3563 479 3622 nibil
493 3564 681 3638 bbiusccmodi
700 3564 849 3617 machinari
872 3567 1014 3634 apperuit,
1042 3566 1090 3617 scd
1108 3578 1170 3616 enm
1188 3566 1218 3617 in

134 3650 241 3686 nonum
261 3631 335 3685 diem
353 3628 477 3686 a'morte
495 3636 777 3705 imperatorii.omnia
801 3638 830 3687 in
846 3636 983 3687 tutissimo
1001 3636 1219 3698 constituissem,

136 3702 290 3787 custodiam
312 3702 414 3756 deinde
438 3708 591 3757 removivet
616 3694 804 3773 dolorosae,
831 3708 901 3758 sicut
923 3713 1022 3768 antea,
1047 3720 1104 3758 rem
1124 3720 1219 3757 curare

134 3775 275 3844 publicam
294 3777 419 3844 perrexi,
436 3774 516 3831 nihit·
525 3776 590 3830 novi
610 3778 762 3846 incipiens,
778 3792 869 3846 neque
887 3773 922 3826 ad
940 3791 1029 3827 meum
1047 3775 1219 3827 commodum

133 3846 194 3896 cius
222 3843 449 3914 gubernationem
470 3846 609 3916 dirigens:
643 3846 717 3900 unde
741 3849 834 3900 conari
851 3862 895 3898 τοι
918 3847 1063 3913 imperium
1087 3859 1219 3915 occupare

134 3914 273 3985 quispiam
294 3915 353 3967 iure
371 3915 532 3986 putavisset.
566 3914 622 3986 Qui
645 3918 707 3970 vivo
733 3918 897 3988 imperatore
922 3923 1014 3977 erant,
1037 3932 1083 3967 cos
1107 3915 1220 3985 provin·

134 3984 239 4036 ciarum
257 3982 423 4057 urbiumque
439 3987 589 4055 praefectos
603 3987 717 4058 reliqui:
739 3994 768 4039 et
787 3995 818 4040 ut
834 3986 968 4038 exercitus
986 4001 1042 4037 non
1060 3985 1127 4036 mibi
1146 3984 1218 4037 bena

134 4055 237 4118 vellet,
270 4053 320 4105 sed
346 4058 481 4108 communi
507 4058 655 4126 plurimum
680 4056 837 4126 prodesset,
871 4055 1034 4107 omnimodis
1070 4053 1217 4109 elaboravi.

135 4123 211 4192 Quin
230 4126 314 4177 etiam
342 4124 408 4178 dum
431 4125 543 4179 foedera
567 4142 628 4178 cum
652 4127 774 4179 barbaris
800 4126 924 4178 finitimis
943 4125 1029 4187 inivi,
1056 4141 1136 4177 nemo
1161 4129 1217 4185 est,

137 4194 184 4262 qni
211 4210 255 4247 me
284 4195 422 4267 privatum
450 4196 565 4268 aliquod
591 4199 782 4268 compendium
812 4193 1001 4248 communibus
1027 4193 1218 4247 emolumentis

136 4266 325 4337 anteposuisse
356 4267 516 4322 ostenderit.
549 4267 604 4322 Sed
622 4283 683 4321 cnm
700 4268 757 4324 illis
774 4266 887 4341 quidem
912 4281 1006 4335 pacem
1026 4264 1066 4318 rei
1090 4261 1218 4332 publicae
