2934 4700
236 255 320 344 208
635 247 917 354 uminum
1015 233 1026 258 ’

90 440 363 523 Δᾶιλίοδομενη,
382 437 444 504 τοῖν
464 428 527 525 ἤδη
547 439 792 527 περιεστηκότων
805 442 1007 509 ἀπαλλάττου
1026 441 1222 530 dammum*
1241 446 1326 535 πρὸς

141 547 169 605 Ρ.
178 545 226 619 461
238 539 340 605 ταῦτα
364 537 570 625 ὑποπτήξασα
589 539 611 624 ἦ
631 540 756 622 βασιλὶς
775 539 832 606 καί
850 544 906 626 τῆς
925 537 1049 628 άπάτης
1068 541 1173 632 άίσπερ
1193 547 1253 612 otu
1270 549 1328 613 ul-

238 640 393 723 αδομένη,
427 638 497 702 άλλ’
527 641 691 725 οἷηδεῖσα,
722 644 753 706 εί
778 643 911 724 deturbas
937 645 996 707 τοῦ
1016 646 1153 725 πολέμου
1172 645 1193 730 ἢ
1211 649 1326 734 εἰρήνη

238 740 401 826 φαίνοιτο,
434 735 665 824 πεισθήσεσθαι
691 742 748 805 καί
772 741 902 823 αὐτούς,
932 743 1059 825 δέχεται
1085 741 1125 807 τά
1157 739 1346 829 εἰρημένα(

238 838 354 903 adtritu
385 860 421 903 τε
448 838 589 903 ἐκέλευον
617 837 764 922 άμνάτιν,
796 840 839 917 ὥς
867 835 959 906 οὐδὲν
988 839 1141 906 saitem
1162 842 1254 928 παρά
1278 844 1345 914 uit

239 933 441 1021 ὑπεσχημένα
460 941 590 1022 πρᾶξαι.
609 939 675 1023 ἧδ’
695 938 874 1023 ἀγνοήσασα
894 939 951 1025 την
971 941 1118 1026 ἐνέδραν,
1140 938 1324 1028 καίδρκοος

236 1039 414 1121 προαετιβει
443 1044 508 1114 τοῖς
538 1038 730 1123 εἰρημένοις,
767 1039 863 1103 said
890 1037 1089 1125 πατριάρχης
1106 1038 1217 1116 'edida
1236 1036 1322 1127 άφο-

155 1197 160 1208 ,
238 1133 353 1223 ρισμδν
371 1132 535 1223 ἐπεφώνει,
557 1140 589 1203 εἰ
607 1141 810 1224 παραβαδείη
829 1137 869 1205 τά
891 1133 1110 1221 ὄμαμοσμένα.
1149 1140 1321 1220 δξέκεινοσ

238 1237 275 1302 δὲ
304 1236 453 1301 addiscare
483 1240 647 1301 κατέλιπον
676 1236 735 1323 την
762 1238 912 1322 βασιλίδα
932 1235 1050 1322 μόνην,
1087 1232 1168 1305 ὥστε
1201 1239 1321 1323 σχολὴν

238 1327 379 1418 άχοοσαν
407 1336 468 1401 τάν
496 1333 629 1402 δεόντων
655 1362 686 1402 τι
715 1333 952 1419 βουλεύσασθαι
972 1336 1052 1424 πρδς
1071 1334 1202 1423 ἑαυτήν·
1246 1340 1361 1403 α’λλἸο

238 1432 358 1520 ἡμέρας
376 1437 435 1517 μὲν
456 1430 547 1501 adres*
564 1440 703 1520 συνῆσαν
723 1440 760 1503 ἐκ
781 1440 932 1522 διαδοχῆς
952 1431 1047 1502 άλλον
1067 1431 1160 1513 ditae
1169 1434 1320 1521 διαδεχό-

213 1550 328 1617 rursus
362 1532 419 1600 καί
447 1531 712 1619 σομμεριζδμενοι
742 1534 797 1601 τὸν
826 1538 940 1622 χρόνον
966 1540 1021 1622 τῆς
1041 1536 1169 1622 ἡμέρας.
1208 1534 1321 1613 warde

238 1637 275 1700 δὲ
291 1636 353 1700 τῶν
372 1638 427 1721 τῆς
446 1637 608 1717 βασιλίδος
630 1636 792 1702 οἰκετίδαν
811 1628 893 1721 ἦσαν
912 1633 992 1721 πρὸς
1010 1639 1101 1702 τοῦτο
1122 1636 1318 1719 τεταγμέναι,

238 1733 276 1799 αἲ
291 1731 411 1815 μισθὸν
432 1730 470 1798 οὗ
494 1736 616 1820 φαῦλον
636 1737 691 1819 τῆς
711 1737 882 1820 προδοσίας
903 1729 989 1819 εἶχον
1007 1736 1140 1821 χρυσίον
1154 1733 1242 1819 παρά
1255 1736 1321 1801 τῶν

238 1833 437 1918 συνωμοτῶν,
455 1831 495 1908 dc
512 1831 575 1898 ἔδει
588 1837 628 1921 τῇ
639 1836 783 1916 βασιλίδι
797 1830 962 1914 συνούσας,
976 1830 1010 1899 εἴ
1019 1859 1049 1900 τι
1063 1838 1244 1921 φθέγξαιτο,
1257 1833 1364 1919 pap-15

238 1928 324 1998 saites
343 1931 540 2021 πατριάρχη,
561 1929 643 1998 ὥστε
663 1936 706 1997 δι’
723 1937 844 2000 ἐκεινου
867 1932 924 1998 καὶ
942 1942 1005 2010 τοῖς
1026 1928 1134 2010 άλλοις
1145 1932 1245 2000 πάντα
1264 1936 1321 2020 δῆ-

237 2037 279 2097 λα
299 2029 444 2115 rabaudus
461 2030 501 2096 τά
522 2034 680 2118 εἰρημένα.
726 2031 745 2097 δ
765 2031 963 2121 πατριάρχης
982 2030 1043 2119 γάρ
1064 2032 1123 2118 τὴν
1145 2030 1224 2098 οἴκοι
1241 2057 1321 2099 παν-

235 2130 354 2197 τάπασι
373 2127 538 2216 διατριβην
557 2130 744 2214 καταλιπών,
763 2133 936 2216 βασιλείοις
955 2135 1137 2221 ὲνδιητάτο,
1157 2127 1321 2220 πρόφασιν

236 2233 314 2315 μὲν,
343 2230 387 2306 ὥς
413 2234 475 2297 τοῖν
498 2231 673 2315 ε’πιβοάλαν
693 2235 834 2312 καθέξων
854 2231 911 2310 τάς
932 2229 1042 2317 ὁρμάς,
1063 2231 1159 2310 εἴτις
1177 2228 1320 2313 βούλοιτο

236 2334 439 2417 νεωτερίζειν,
458 2333 496 2420 τῇ
509 2333 540 2396 δ’
558 2333 699 2422 άληθειζι,
718 2334 882 2416 βασιλίδος
901 2329 1005 2419 φύλαξ
1024 2329 1087 2397 dud
1108 2333 1163 2418 τῆς
1176 2352 1363 2414 evanue-ae

235 2435 307 2508 σίας
327 2432 531 2515 τεταγμένος,
563 2433 616 2497 ἵνα
635 2430 681 2516 μη
704 2434 850 2496 λαθοῦσα
869 2428 971 2518 πράξη
991 2435 1053 2496 τῶν
1072 2430 1117 2514 μη
1141 2430 1220 2496 κατά
1240 2429 1321 2513 γνά-
1413 2466 1419 2475 ·

206 2539 299 2616 ΰμην
327 2524 424 2596 ὄντων
452 2554 484 2597 τι
517 2528 634 2605 αὐτοῖς.
685 2532 864 2611 sadrapis
884 2521 957 2611 οὖν,
978 2533 1244 2615 Κανταιιοοζηνοῦ
1263 2532 1321 2594 τοῦ

237 2631 392 2715 βασιλέως
410 2630 629 2717 Διδομοτειχιρ
649 2628 907 2716 ε’νδιατριβοντος,
928 2630 1102 2716 ἐτράπετο.
1143 2624 1202 2715 ὑφ’
1223 2623 1264 2693 δν
1284 2630 1321 2694 δὲ

239 2901 311 2972 cipio
335 2906 444 2970 tuoruru
471 2901 672 2956 commodorum
694 2902 835 2964 studiosa,
867 2906 896 2955 et
918 2916 991 2956 usuc
1016 2899 1106 2954 nihilo
1131 2900 1220 2954 minua
1246 2898 1319 2953 bene

238 2973 391 3024 consulenti
410 2972 512 3038 eredis,
529 2974 590 3027 istis
608 2973 703 3037 crede,
724 2982 752 3025 et
771 2973 872 3043 quibus
890 2971 1053 3026 circumdata
1073 2988 1101 3023 es
1122 2972 1216 3034 malis,
1239 2978 1268 3024 te
1284 2970 1321 3023 ii·

238 3043 313 3102 bera.
348 3045 419 3096 Tum
444 3046 563 3115 Augusta
589 3052 663 3097 metu
689 3043 771 3094 anxia
797 3051 826 3096 et
850 3042 986 3095 fallaciam
1008 3060 1064 3095 non
1090 3041 1249 3105 advertens,
1272 3039 1321 3093 sed

238 3114 387 3177 arbitrata,
406 3115 429 3167 si
446 3132 500 3185 pax
518 3116 591 3167 betto
612 3115 708 3167 melior
728 3122 815 3178 esset,
839 3115 913 3182 ipsos
930 3116 1027 3185 utique
1044 3113 1099 3165 sibi
1116 3128 1175 3164 earn
1194 3126 1320 3165 suasuros

239 3184 340 3247 fuisse,
369 3186 450 3238 dictis
475 3191 617 3253 suffragata
642 3194 691 3244 est.
726 3185 805 3236 liiico
829 3200 889 3236 earn
914 3185 1003 3236 iurare
1027 3181 1186 3246 hortantur,
1211 3188 1320 3250 praeter

237 3258 370 3326 promissa
388 3256 458 3308 nihii
472 3273 592 3323 uuquam
610 3255 748 3308 facturam.
781 3258 948 3325 imposturae
965 3254 1056 3324 ignara
1074 3255 1148 3305 iurat
1172 3252 1320 3322 statimque

236 3327 389 3395 patriarcba
403 3326 547 3378 anathema
562 3328 705 3389 acclamat,
720 3327 743 3377 si
757 3333 851 3377 eontra
865 3328 939 3395 agat}
957 3340 1039 3397 quana
1057 3323 1194 3376 iuraverit.
1212 3324 1277 3376 Pdst
1291 3320 1321 3373 id

237 3413 376 3466 nunquam
388 3398 472 3449 solam
486 3396 664 3466 reliquerunt,
676 3406 707 3450 ut
717 3413 766 3465 per
775 3395 941 3467 otium,quid
950 3393 1099 3465 expediret,
1111 3408 1202 3445 secum
1214 3392 1320 3466 disqui-

237 3474 323 3518 reret:
337 3466 385 3516 aed
400 3464 472 3517 diem
490 3474 576 3518 totum
589 3466 660 3519 iuter
670 3485 698 3519 se
713 3468 819 3538 partiti,
841 3467 911 3518 alius
924 3466 1008 3517 atium
1019 3464 1192 3535 excipiendo,
1210 3481 1272 3517 cum
1288 3478 1322 3515 ea

236 3535 421 3588 versabantur.
441 3536 529 3588 Noctu
538 3544 629 3588 autern
640 3536 675 3589 de
686 3537 840 3591 famulabus
850 3536 971 3589 eiusdem
981 3534 1016 3587 ad
1028 3534 1080 3587 hoc
1090 3537 1178 3605 ipsum
1189 3543 1269 3590 erant
1277 3550 1321 3588 se-

237 3605 334 3669 lectae,
349 3606 450 3676 quibua
459 3623 516 3658 uon
527 3606 753 3660 contemnendum
768 3606 930 3677 proditionis
939 3606 1058 3675 pretium
1068 3605 1210 3659 dabatura
1221 3605 1320 3659 euniu-

237 3677 312 3739 ratia‚
327 3694 452 3730 nummus
466 3694 563 3730 aureus
575 3678 688 3747 singulis
699 3678 836 3731 videlieet
861 3679 911 3731 Eas
921 3692 982 3729 eum
999 3677 1171 3748 imperatrice
1186 3675 1321 3729 confabu-

237 3748 339 3811 lantes,
360 3749 384 3799 si
401 3747 468 3818 quid
483 3765 559 3801 secus
578 3749 746 3818 loqueretur,
768 3748 803 3801 ad
818 3746 1001 3818 patriarcham
1016 3749 1142 3801 nuntiare
1156 3744 1320 3868 oportebst3

277 3820 287 3870 i
304 3835 394 3870 rursus
413 3817 485 3871 dieta
503 3820 594 3872 omnia
610 3818 644 3870 ad
656 3819 813 3874 sodalitium
826 3819 946 3872 referret.
973 3819 1007 3871 Et
1020 3819 1044 3870 is
1057 3817 1173 3889 patriarc
1196 3818 1223 3869 io
1237 3817 1320 3887 plaste

238 3837 355 3953 ddaerto,
371 3892 400 3940 iu
413 3892 513 3960 palatio
528 3890 681 3955 habitabat,
695 3891 771 3961 quasi
784 3890 924 3942 audaciam
938 3887 1125 3952 cohibitum,
1140 3887 1238 3958 siquis
1252 3887 1320 3940 iusi·

237 3958 328 4011 diatsr
344 3961 407 4012 uovi
422 3961 528 4033 aliquid
541 3962 699 4028 moliretur,
717 3960 766 4015 sed
783 3978 813 4015 re
831 3962 891 4031 ipsa
904 3960 1071 4029 imperatrici
1085 3967 1175 4011 custos
1192 3956 1319 4010 aeoniu-

237 4033 302 4082 ratia
318 4031 471 4100 impositus,
486 4048 520 4083 ne
538 4032 616 4104 quid,
634 4033 702 4103 ipsis
713 4032 908 4093 nescientibus,
923 4032 1033 4092 faceret,
1050 4029 1126 4101 quud
1141 4045 1233 4081 eorum
1248 4026 1318 4079 libi·

236 4100 296 4152 dini
314 4100 508 4156 adversaretur.
525 4104 560 4155 Et
577 4103 644 4154 baec
659 4102 771 4175 quidem
789 4102 978 4157 Cautacuzeuu
992 4098 1176 4169 Didymntichi
1193 4106 1319 4150 morante

235 4170 392 4239 agebantur.
419 4173 474 4224 Sub
495 4183 602 4241 tempus
621 4190 704 4237 veru,
730 4192 784 4245 quo
805 4174 1002 4227 Peritbeorium
1021 4172 1180 4232 obsidebat,
1201 4168 1237 4220 ad
1255 4185 1319 4220 mn-

235 4239 337 4297 naehoa
355 4243 385 4299 iu
401 4243 472 4300 Atho
488 4252 580 4300 monte
587 4282 598 4311 ,
619 4245 716 4302 ceteris
733 4244 913 4299 sanctimonia
929 4252 1114 4317 praestantes,
1129 4241 1255 4313 scripsit,
1272 4254 1320 4295 eus
