2934 4700
248 278 327 366 130
640 299 921 369 camacum

94 473 163 543 bc.
175 481 294 552 ,ςηιτος
320 461 519 542 διαμέλλειν,
558 450 626 523 ἀλλ’
654 450 716 541 ήδη
737 457 813 540 περὶ
835 452 991 540 σωτηρίας
1010 450 1109 540 αάτῆς
1130 478 1165 520 τε
1185 460 1240 521 καί
1255 460 1323 523 τοῖν

241 564 356 626 τέκνων
374 559 585 639 σκέπτεσθαι,
613 555 840 638 ἀνεμιμνησκεν
859 553 879 636 ή
900 552 1026 635 βασιλὶς
1043 558 1107 619 τῶν
1126 554 1205 640 πρός
1225 554 1325 640 ἀλλή-

240 665 317 733 λους
348 649 436 721 οόπω
465 659 546 740 χθὲς
571 654 627 720 καί
652 650 761 739 πρώην
781 655 829 717 ἀπ’
850 654 952 718 edroi
969 656 1177 739 γεγενημένων
1197 647 1320 739 ὅρκων,

240 759 276 823 όν
295 750 344 831 οἷς
372 748 454 822 ἀλλα
474 779 509 819 τε
526 752 631 839 εἴρητο
650 754 695 842 τῷ
714 749 841 839 μεγάλην
862 752 1054 841 δομεστίκφ,
1085 751 1238 839 ἔφασκεν,
1259 748 1322 818 dou

240 851 392 937 σόνισμεν
420 851 516 920 adrui*
527 904 536 932 ,
569 849 625 918 καί
642 850 703 936 πρό
723 853 788 917 ταῖν
808 842 911 916 ἄλλων
931 847 1095 934 ἀπόντων,
1127 851 1198 934 ἵνα,
1224 844 1263 917 όν
1289 860 1347 924 τις

241 953 443 1042 κατηγορηθῇ
462 949 551 1038 παρά
572 975 677 1034 τινος,
708 949 753 1036 μή
780 952 900 1036 ἐρήμην
921 946 1022 1029 οὕτως
1041 952 1158 1018 ἐκείνου
1179 968 1324 1036 καταψη-

242 1054 393 1141 φίζεσθαι
420 1048 532 1136 ἡμᾶς,
566 1046 633 1116 ἀλλ’
653 1049 708 1116 ἐπὶ
727 1052 817 1134 δίκην
836 1052 1029 1126 καλέσαντας
1047 1052 1102 1116 κατ’
1126 1049 1222 1116 τόπον
1242 1044 1326 1115 ἀπο-

241 1154 350 1235 λογίας
369 1152 651 1236 παρασχομένους,
679 1144 718 1215 ἀν
737 1150 797 1230 μὲν
817 1142 937 1215 ἀδικῶν
958 1144 1123 1235 όλισνηται
1141 1150 1198 1214 καί
1214 1153 1324 1235 ἐπιορ-

241 1255 325 1333 ιιῶν,
354 1252 444 1325 δι’κας
472 1248 531 1325 τός
551 1244 684 1332 όσχότας
705 1249 863 1315 ἀπαιτεῖν·
902 1242 941 1313 ἀν
961 1250 997 1315 δὲ
1016 1250 1116 1334 μηδὲν
1136 1252 1239 1336 προσῇ
1257 1256 1324 1326 τοῖς

240 1352 425 1436 εἰρημένοις
441 1348 571 1435 ἀληθὲς,
592 1350 655 1413 τῶν
675 1345 875 1433 ἐγκλημάτων
892 1349 952 1430 ’μὲν
971 1349 1088 1413 ἐκεῖνον
1109 1343 1373 1430 ἀπολόεσθαιμσ

210 1450 314 1527 (ἔτους
332 1447 533 1538 συκοφάντας
552 1450 593 1514 δὲ
608 1445 688 1512 adri
709 1449 811 1531 τοῦθ’,
844 1442 920 1533 ὅπερ
944 1448 1046 1529 eicie,
1068 1445 1326 1531 ἀποδειλινοσθαι,

241 1546 455 1637 συκοφάντας.
495 1546 568 1615 νυνὶ
586 1550 623 1613 δὲ
642 1549 766 1614 πολλῶν
785 1540 882 1613 όντων
900 1549 964 1613 τάν
985 1539 1132 1624 ἀπιστιόις
1150 1549 1205 1612 καί
1217 1548 1326 1633 ἐπιορ-

242 1653 314 1726 κίας
333 1645 518 1729 διωκόντων,
546 1647 661 1712 sitive
681 1643 778 1734 όρρῖν,
801 1641 836 1722 ir
855 1647 1113 1731 ἀποκαταστῆναι
1131 1644 1206 1729 πρός
1227 1639 1326 1712 αάτόν

241 1748 298 1815 ἔπε’
314 1751 370 1834 τῆς
391 1748 479 1833 δίκης
498 1746 664 1833 τολμήσει,
695 1742 771 1812 ὥστ’
791 1746 962 1829 ἐξελέγχειν
982 1740 1161 1815 ἀδικοῦντα.
1203 1746 1242 1809 ου’
1259 1743 1326 1829 μήν

246 1841 317 1912 ἀλλ’
338 1848 415 1912 οὐδὲ
435 1848 492 1913 νόν
510 1870 582 1913 τινα
602 1841 779 1932 διαρρήδην
799 1846 918 1910 ἐκείνου
938 1852 1136 1930 κατηγορεῖν,
1159 1840 1371 1927 irrepsit-15
1454 1851 1456 1866 ¹

243 1970 308 2012 των
327 1947 430 2022 κακῶς
448 1936 551 2010 ὦπται
571 1947 626 2010 καί
645 1944 798 2031 προδότης
815 1946 889 2028 περὶ
908 1946 984 2027 ἐμὲ,
1005 1938 1079 2010 d'or’
1099 1945 1135 2010 ἐκ
1153 1947 1215 2008 τῶν
1236 1949 1324 2026 λεγο-

243 2046 347 2126 μένων
372 2044 429 2109 καί
446 2043 544 2129 αότήν
563 2041 648 2127 ἔχειν
667 2048 820 2132 συνορᾷν,
848 2046 880 2109 ai
898 2040 1094 2130 συκοφαντία
1113 2040 1154 2108 τό
1174 2042 1324 2126 εἰρημένα

243 2138 267 2228 ἢ
293 2144 443 2228 ἀληθείας
469 2141 582 2227 ἔχεταί
603 2167 696 2220 τινος.
737 2143 807 2209 ἀλλ’
827 2139 926 2218 οὕτως
946 2139 1049 2227 ὥσπερ
1071 2142 1107 2207 ἓν
1128 2136 1325 2226 συνθήματος

242 2241 359 2317 πάντες
377 2238 476 2308 αὐτοῦ
500 2246 773 2328 καταιγηφιζονται
793 2240 851 2327 τήν
869 2242 1032 2324 βασιλείας
1048 2239 1205 2326 ἁρπαγήν,
1225 2241 1325 2324 μηδὲν

245 2346 341 2408 πλέον
360 2342 588 2427 προστιθέντες.
608 2337 645 2407 od
664 2340 703 2428 δή
726 2342 863 2422 δίκαιον,
884 2334 948 2406 οὔτ’
962 2334 1063 2418 ἄλλως
1077 2340 1229 2424 εὐπρεπὲς
1240 2342 1371 2422 όμοδμο

246 2452 310 2519 τοῖς
329 2438 416 2527 παρὰ
434 2444 497 2507 τῶν
514 2443 638 2506 πολλῶν
657 2445 842 2506 πεισθεῖσαν
858 2438 979 2523 λόγοις,
1000 2441 1232 2523 corripienti
1249 2437 1326 2524 πρὸς

248 2539 409 2617 ἀπόδειξιν
429 2536 539 2621 ἔχουσι
558 2545 616 2622 τῆς
635 2538 807 2624 ἀληθειας,
830 2535 968 2621 πόλεμον
985 2538 1065 2627 πρός
1084 2543 1200 2606 ἐκεῖνον
1219 2537 1327 2627 ἐμφό-

212 2644 316 2716 ῃλιον
336 2646 445 2704 κινεῖν.
488 2638 527 2702 od
547 2636 608 2725 γάρ
628 2642 691 2704 τῶν
710 2640 832 2705 πολλῶν
851 2632 916 2725 εἷς,
937 2634 1013 2706 d'or'
1033 2639 1131 2707 αότοό
1149 2641 1250 2730 ῥᾷστα
1269 2663 1326 2706 πε-

206 2848 208 2851 *
320 2822 360 2877 13.
380 2819 453 2891 όρᾷν
469 2820 531 2875 add.
551 2820 590 2873 bl.

250 2973 339 3027 sclnte
357 2970 470 3027 laboret
505 2968 624 3025 Redibat
646 2978 737 3024 rotem
756 2974 786 3025 in
805 2972 962 3028 memoriam
986 2975 1163 3044 imperatrix,
1187 2969 1326 3043 quomodo

226 3068 231 3080 ·
249 3045 455 3107 recentissime,
472 3042 533 3113 ipso
549 3040 700 3112 patriarcba
717 3051 874 3110 praecente,
903 3046 1038 3099 iurassent
1056 3054 1196 3107 mutuom,
1216 3040 1327 3115 quando

250 3122 281 3167 et
295 3116 350 3167 alia
368 3113 470 3168 dixerit
484 3131 595 3184 magnus
615 3113 794 3177 domesticus,
821 3131 891 3185 quae
908 3116 962 3186 ipsi
978 3132 1067 3168 secum
1087 3112 1277 3175 recordentur,
1299 3120 1330 3165 et

249 3184 303 3238 boc
319 3186 461 3255 inprimie,
486 3192 518 3236 ut
543 3185 567 3233 si
606 3183 653 3235 uid
677 3193 866 3249 accusaretur,
893 3202 928 3237 ne
953 3186 1092 3239 absentem
1119 3184 1221 3238 indicta
1249 3200 1329 3235 cuusn

250 3253 427 3317 damnarent,
445 3253 494 3306 aed
514 3254 543 3303 in
562 3202 694 3306 iddicium
711 3262 826 3319 roceio,
851 3254 941 3308 locum
959 3256 1128 3309 defensionis
1153 3254 1267 3315 darent,
1299 3261 1330 3307 et

250 3325 388 3395 siquidem
406 3325 524 3376 iniustus
542 3338 573 3374 ac
591 3324 716 3391 periurue
737 3324 950 3394 comperiretur,
972 3335 1092 3379 extremo
1111 3341 1172 3377 enm
1190 3324 1328 3393 aupplieio

250 3395 426 3458 addicerent3
453 3395 495 3446 riu
514 3391 622 3445 aberret
643 3392 678 3443 ab
696 3397 868 3448 accusatione
886 3397 1002 3458 veritas,
1028 3395 1186 3448 criminibus
1204 3395 1331 3446 obsolve·

251 3473 314 3517 rent
331 3473 360 3517 et
375 3463 554 3532 sycophantae
571 3463 624 3516 boc
641 3466 747 3533 ipsum,
766 3463 841 3535 quod
858 3466 937 3528 sunt,
955 3467 1136 3519 ostenderent.
1172 3467 1251 3517 Nune
1269 3479 1330 3515 cum

250 3533 332 3586 illum
355 3533 486 3603 perfidiae
513 3548 545 3584 ae
562 3535 676 3603 periurii
701 3536 782 3587 multi
805 3535 983 3597 insimulent,
1009 3538 1144 3589 neminem
1165 3554 1194 3589 se
1223 3533 1331 3595 videre,

252 3605 302 3674 qui
322 3603 349 3657 ei
366 3606 395 3655 in
412 3604 514 3657 iudicio
532 3620 561 3657 se
579 3619 717 3673 opponere
736 3611 765 3656 et
780 3621 830 3673 pro
854 3606 985 3659 scelerato
1009 3623 1119 3676 arguere
1139 3605 1254 3673 σπάσαις
1282 3601 1332 3656 sed

251 3689 305 3726 nec
322 3676 370 3745 qui
388 3672 528 3727 manifeste
551 3691 613 3726 eum
634 3684 759 3737 accuset,
800 3677 857 3727 uasi
876 3678 922 3747 qui
942 3677 1087 3744 malignum
1107 3694 1135 3728 ee
1154 3685 1181 3728 et
1205 3673 1331 3746 prodito-

252 3747 386 3798 remeius
404 3743 611 3797 demonstraritr
637 3752 669 3796 ut
686 3763 719 3797 ex
743 3692 844 3801 auditir
868 3745 937 3798 hanc
958 3745 1122 3799 delationem
1146 3763 1226 3817 purus
1251 3753 1330 3815 putas

254 3831 312 3867 erse
336 3815 484 3868 calumniae
509 3816 617 3883 potius,
649 3831 729 3884 quam
760 3815 866 3885 aliquid
889 3819 1012 3868 veritatis
1038 3816 1155 3878 habere,
1177 3818 1331 3885 perspicere

255 3894 354 3955 queat,
376 3895 404 3938 et
420 3885 496 3937 velut
512 3902 546 3937 ex
563 3886 712 3953 composito
728 3884 762 3936 ab
782 3887 922 3945 omnibua,
946 3887 1023 3939 nullo
1043 3896 1200 3956 argumento
1223 3894 1255 3938 ut
1278 3887 1332 3938 im·

254 3956 326 4025 perii
349 3956 498 4008 invasorem
523 3973 599 4008 reum
615 3958 715 4025 peragi.
751 3955 813 4008 Non
837 3959 932 4026 itaque
958 3958 1058 4008 iustum
1082 3973 1157 4017 esse,
1180 3974 1231 4009 nee
1253 3971 1333 4006 suam

254 4027 350 4078 decere
367 4041 524 4093 personam,
540 4028 686 4079 multorum
704 4027 889 4091 sermonibus,
913 4025 986 4078 nihil
1003 4027 1038 4079 ud
1055 4027 1241 4095 probationem
1259 4025 1334 4076 veri-

253 4098 319 4149 tatis
336 4096 454 4149 eolidum
473 4095 694 4159 continentibus,
720 4094 875 4159 credulam,
899 4095 1002 4148 bellum
1020 4096 1100 4150 civile
1124 4097 1248 4148 adversus
1267 4111 1332 4148 eum

253 4169 402 4237 inreptare.
438 4166 499 4219 Non
517 4182 575 4219 erse
592 4183 675 4218 unum
695 4164 729 4218 de
746 4163 830 4235 plebe
848 4167 991 4229 influunt
1009 4182 1090 4234 opera
1109 4166 1243 4219 levissima
1264 4165 1336 4218 rub-

254 4236 351 4304 igrtnr.
403 4235 459 4291 Sed
486 4252 559 4307 quae
581 4253 656 4291 nune
677 4235 753 4291 dicta
778 4236 851 4303 siut,
876 4254 969 4292 eorum
994 4237 1066 4292 nibil
1089 4237 1115 4291 ei
1140 4235 1334 4306 indicandum,
