2934 4700
479 289 764 363 nrsromtnuu
792 299 847 361 ru.
878 301 932 368 ss.
1145 270 1227 355 205

147 458 182 535 ἔ
209 447 284 520 ὅτου
315 453 351 518 δὲ
371 443 467 516 ddum
486 450 542 516 καί
556 449 726 538 παράνομα
746 448 890 537 διενοὴθη
912 451 966 515 καί
983 451 1040 515 τοῦ
1055 450 1154 517 πολλά
1174 459 1375 532 sss-Addita

149 551 315 640 φιληνότσς
340 554 497 632 βασιλέως
527 556 656 616 κτείνειν
686 547 812 637 ὥρμητο
841 548 917 625 τούς
945 550 1063 627 παῖδας
1092 554 1148 615 καί
1172 549 1229 635 τὴν

145 656 313 734 Ῥωμαίων
340 651 505 734 βασιλείαν
518 645 626 740 ’ἑαυτῷ
645 657 837 736 περιποιεῖν,
858 648 1050 733 μισήσαντες
1071 647 1128 735 τὴν
1146 648 1231 731 γνά-

149 778 211 838 μητ
242 752 287 828 (ὃς
307 750 521 835 ἀπάνθρωπον
546 755 601 815 ναί
618 748 777 837 πονηράν,
806 747 943 832 πόλεμόν
961 772 997 814 τε
1016 746 1095 834 πρὸς
1115 751 1231 817 ἐκεῖνον

130 851 299 939 ὃὴράμεθα
327 852 475 938 φανεράς
493 848 574 936 δπέρ
595 849 689 933 ἡμῶν.
704 853 760 915 καί
778 850 819 916 τά
838 852 971 934 μέγιστα
991 846 1091 914 αἰτὸν
1108 851 1164 914 καί
1181 854 1233 934 γέ-

149 975 203 1027 νος
222 956 281 1018 καί
302 951 436 1026 οἰκείους
464 946 674 1031 ἰκανώσαμεν.
727 952 783 1014 καί
794 952 851 1014 νῦν
867 950 912 1025 εἰς
925 952 1069 1014 τοσοῦτον
1086 947 1233 1030 ὁμονοίας

147 1046 284 1136 ἥκομεν,
305 1047 349 1124 oie
369 1047 406 1112 οά
424 1045 578 1132 χρήματα
596 1047 704 1130 μόνον,
727 1046 808 1113 άλλά
828 1045 883 1112 ταὶ
903 1044 1013 1131 ψυχάς
1033 1045 1132 1124 adroic
1151 1046 1255 1134 ἡδέ-(ἰ

150 1175 196 1226 ως
222 1145 434 1234 προησόμενοι
459 1150 665 1230 πολεμοῦντες
695 1151 781 1236 αὐτῷ
801 1143 881 1233 άπὲρ
902 1146 1006 1228 ἡμῶν.
1046 1141 1098 1211 ὅτε
1119 1141 1236 1232 οὖνὴ-

149 1259 222 1331 μεΐς
240 1248 392 1333 τοσαάτην
405 1239 530 1313 εὔνοιαν
548 1252 604 1314 καί
621 1250 804 1334 προθυμίαν
823 1242 900 1333 πρὸς
912 1246 998 1328 ὑμᾶς
1009 1247 1235 1327 ἐνεδειξάμεθα

113 1345 229 1426 τοτοάς
246 1351 403 1430 βασιλέας,
422 1350 485 1412 τῶν
507 1342 706 1414 &irretirer
736 1341 777 1413 άν
799 1345 860 1432 εἴη,
883 1350 1115 1413 καταλιποῦσαν
1134 1348 1235 1431 αδτὴν

151 1448 241 1533 ἡμᾶς
268 1448 323 1511 καί
346 1451 419 1532 παρ’
447 1439 542 1512 οὐδὲν
561 1445 620 1531 τὴν
651 1447 808 1534 ἡμετέραν
833 1445 1041 1531 λογισαμένην
1060 1449 1231 1532 σωτηρίαν,

163 1548 354 1612 σπένδεσθαι
372 1548 418 1634 τῷ
439 1544 660 1637 πολεμιωτάτῳ
681 1549 740 1632 τῆς
770 1548 853 1622 ἰδίας
872 1543 1026 1632 αἰφελείας
1045 1548 1152 1628 ἓνεκα,
1172 1542 1236 1628 εἴγε

155 1649 214 1712 ναί
230 1645 365 1733 οἰφέλειά
384 1670 433 1722 τις
452 1649 565 1727 ἕψεται
585 1649 620 1710 ἰν
638 1649 693 1731 τῆς
713 1645 856 1732 εἰρήνης,
878 1642 959 1710 άλλά
979 1641 1025 1730 μὴ
1048 1643 1151 1729 βλάβη
1172 1645 1236 1708 δει-

154 1748 264 1831 νοτέρα
282 1747 318 1811 ἰν
337 1748 402 1812 ταῖν
420 1750 477 1811 τοῦ
495 1746 633 1830 πολέμου
652 1748 866 1831 γενησομένων
886 1743 1027 1809 ἁπασῶν.
1067 1736 1091 1807 ά
1101 1740 1160 1827 γάρ
1175 1745 1236 1807 αἰ-

114 1843 191 1930 ιότὴ
208 1844 284 1928 περί
302 1848 359 1930 τῆς
372 1843 450 1931 πρὸς
467 1846 584 1911 ἐκεῖνον
603 1842 725 1931 εἰρὴνης
744 1848 800 1929 τῆς
819 1839 1038 1928 παρελθούσης
1058 1843 1236 1929 διειλέχθης

149 1944 275 2027 νυκτὸς,
303 1945 373 2010 οὐδ’
404 1944 490 2031 ἡμᾶς
520 1947 667 2010 διέλαθεν
695 1947 750 2010 ἐπί
777 1948 899 2010 πολλάν
930 1944 1079 2029 εἰρημένα
1113 1942 1236 2019 άκοαῖς.

149 2049 267 2113 ἐκεῖνον
286 2047 346 2128 μὲν
366 2037 423 2110 οὖν
439 2045 541 2131 ἡμεῖς,
562 2044 605 2121 ὥς
626 2044 702 2110 κατά
726 2049 787 2110 σοῦ
808 2046 863 2109 καί
881 2047 945 2109 τῶν
964 2044 1087 2107 παίδων
1107 2041 1148 2108 τοὶ
1170 2043 1235 2107 δει-

150 2147 267 2211 νότατα
288 2143 344 2210 καί
362 2146 585 2227 διανοούμενον
602 2143 657 2209 καί
674 2136 738 2228 ἤδη
755 2143 940 2228 πράττοντα,
959 2135 1066 2226 άσπερ
1083 2136 1146 2205 άπὸ
1160 2143 1237 2221 μιάς

149 2241 277 2329 γνώμης
299 2242 444 2323 πολέμιόν
462 2269 496 2309 τε
518 2240 704 2329 ἡγησάμεθα
725 2246 779 2308 καί
799 2240 944 2322 οὐδενὸς,
979 2238 1052 2323 τάγε
1078 2241 1124 2315 εἰς
1150 2238 1266 2322 ἡμᾶςυ

114 2336 250 2430 ῦῠὴκον,
284 2343 488 2430 ἡμελὴσαμεν
507 2348 569 2410 ταῖν
586 2339 736 2426 βλάπτειν
757 2341 949 2423 δυναμένων.
989 2341 1020 2405 εἰ
1039 2343 1068 2404 δ’
1088 2335 1123 2403 ἔκ
1142 2363 1236 2403 τινων

151 2447 263 2512 αἰτιῶν
295 2441 317 2529 ἡ
347 2444 452 2529 εἰρὴνη
480 2446 599 2526 μᾶλλον
626 2447 836 2530 συμφέρουσα
867 2438 1027 2524 νομίζεται
1046 2436 1136 2521 νυνί,
1167 2430 1239 2502 οὐδ’

55 2570 58 2579 ’
151 2546 242 2633 »juste
273 2540 525 2625 ἐναντιωσόμεθα
550 2542 631 2631 πρὸς
650 2541 690 2609 τά
713 2542 888 2630 φαινόμενα
917 2544 1107 2621 λυσιτελεῖν,
1139 2537 1236 2620 μόνον

228 2738 253 2791 3.
272 2737 439 2808 νομίσαντες
455 2738 491 2792 m
511 2755 560 2810 pro
580 2740 760 2811 prodeuntes.

152 2947 211 2984 non
230 2929 316 2985 dicum
339 2932 441 2986 terrum
467 2932 497 2983 iu
521 2932 599 2984 iilum
620 2931 773 3001 corripere,
798 2930 848 2984 red
865 2946 917 2984 nec
936 2932 1019 2985 verbo
1041 2930 1068 2982 ci
1090 2948 1238 3002 repugnare

152 3002 293 3055 sustinuit
328 3002 368 3055 Ex
386 3020 440 3074 quo
466 3008 555 3055 sutem
581 3009 699 3054 mentem
716 3003 847 3054 iniustam
865 3010 893 3054 ct
917 3002 1025 3070 iegibus
1051 3002 1239 3057 adversantem

152 3071 263 3136 induit,
282 3081 311 3125 ct
329 3073 373 3124 cui
392 3073 545 3125 carissimus
568 3072 635 3131 fuit,
661 3073 720 3125 eius
745 3069 847 3125 liberos
873 3073 1009 3124 trucidare
1035 3074 1238 3144 Romanumque

152 3142 298 3213 imperium
323 3143 376 3194 sibi
393 3159 513 3197 asserere
532 3142 668 3207 decrevit,
688 3158 737 3193 nos
759 3143 829 3196 hanc
848 3144 906 3193 cius
923 3142 1092 3195 voluntatem
1110 3144 1238 3195 inhuma-

152 3230 215 3266 nam
239 3214 453 3285 sceleratamque
471 3223 628 3276 censentes,
654 3221 682 3265 ct
700 3213 804 3265 beilum
822 3212 848 3263 ei
866 3221 954 3265 vostra
978 3229 1057 3265 causo
1081 3215 1239 3278 intulimus,

151 3293 259 3337 etcum
283 3289 390 3354 ipsum,
415 3292 475 3338 tum
499 3301 583 3353 genus
609 3286 669 3336 eius
696 3298 728 3336 ec
753 3284 898 3335 familiares
923 3286 1034 3336 summis
1058 3284 1238 3338 incommodis

152 3356 301 3407 effecimus.
338 3356 371 3408 Et
389 3371 462 3407 nnnc
483 3361 559 3407 tento
583 3362 625 3406 est
650 3355 801 3406 animorum
825 3363 979 3407 nostrorum
998 3355 1177 3424 conspiratio,
1207 3363 1239 3409 nt

151 3443 209 3478 non
225 3427 356 3495 pecunias
376 3425 474 3491 modo,
499 3425 548 3478 sed
572 3425 656 3478 vitum
680 3442 790 3496 quoque
818 3425 904 3492 ipsum
929 3442 978 3495 pro
1006 3426 1086 3477 vobis
1105 3431 1134 3479 in
1157 3428 1238 3478 ilium

151 3495 283 3549 betlondo
312 3496 451 3565 capiamur
481 3495 633 3566 prodigere.
678 3497 776 3565 ltaque
803 3510 863 3546 cum
890 3511 977 3565 usque
1004 3498 1074 3550 adeo
1098 3494 1239 3567 promptos

150 3581 357 3650 propensospne
382 3567 412 3618 in
433 3574 521 3619 vestra
540 3583 621 3619 causa
639 3583 688 3619 nos
707 3565 900 3630 exhibeamus,
924 3566 1125 3639 iniquissimum
1145 3566 1240 3631 fuerit,

151 3637 176 3687 si
191 3644 234 3698 tu,
251 3636 331 3689 nobis
345 3635 458 3690 desertis
478 3645 507 3689 et
523 3638 611 3690 salmo
629 3644 720 3689 nostro
733 3637 872 3706 despecta,
887 3639 1023 3707 privatum
1041 3647 1143 3692 sectere
1161 3654 1238 3691 conr·

150 3707 284 3775 pendium
303 3714 331 3760 et
348 3723 410 3759 cum
434 3706 515 3761 hoste
533 3707 643 3779 capitati
664 3707 761 3760 foedus
780 3707 932 3777 percuties:
956 3711 981 3762 si
1000 3718 1090 3763 temen
1108 3726 1239 3778 compen-

150 3776 246 3842 dium,
263 3785 294 3830 et
312 3793 368 3830 non
385 3777 528 3839 omnibus,
555 3794 626 3850 quse
645 3793 661 3828 e
678 3778 753 3829 bello
772 3778 920 3842 exsistcut,
938 3780 1045 3848 gravius
1064 3780 1239 3850 dispendium

149 3862 247 3916 pacem
274 3850 356 3900 istum
377 3846 560 3901 comitabitur.
596 3847 675 3917 Quae
693 3846 767 3901 enim
793 3848 828 3901 de
853 3863 921 3917 poce
949 3866 1011 3902 cnm
1034 3852 1094 3921 ipso
1116 3849 1239 3903 ineunda

150 3918 246 3972 moltis
264 3916 443 3973 audientibus
463 3918 633 3983 disseruisti,
657 3934 708 3972 nec
725 3935 776 3970 nos
796 3919 892 3977 latent.
928 3919 1021 3990 Quare
1038 3937 1088 3973 uos
1115 3938 1177 3973 eum
1207 3927 1240 3974 ut

152 3988 182 4040 in
199 3995 228 4041 te
249 4004 282 4038 ac
301 3988 372 4041 filius
389 3998 451 4043 tuus
469 3991 608 4043 teterrima
625 3991 824 4058 parturientem
843 3996 871 4040 et
888 3988 943 4040 ium
964 3991 1165 4061 designantem,
1186 4007 1239 4041 un·

153 4059 237 4111 animi
258 4074 390 4112 consensu
408 4069 438 4113 et
454 4058 560 4113 bostem
577 4060 761 4114 decernimus:
782 4069 811 4113 et
827 4069 959 4128 quantum
978 4063 1008 4114 in
1025 4062 1104 4115 nobis
1123 4068 1172 4124 est,
1190 4060 1236 4111 ui-

153 4126 213 4195 trit,
235 4129 312 4198 quod
330 4127 439 4184 loedere
455 4132 558 4200 possit,
587 4131 674 4184 abeo
695 4130 901 4183 abstinebimus
937 4131 1045 4201 Quodsi
1073 4129 1238 4202 quibusdum

154 4200 321 4268 sufferentis
339 4216 391 4270 ρετ
411 4201 442 4253 in
461 4216 588 4269 praeseus
610 4201 719 4254 videtur
742 4199 893 4253 conducere
919 4197 1022 4271 magis,
1042 4216 1161 4255 neonus
1184 4198 1238 4251 sd·

152 4268 332 4337 vcrssbiruor,
351 4273 376 4325 si
396 4278 502 4328 tentum
518 4275 657 4328 communi
673 4273 797 4327 omnium
814 4266 1061 4327 nostrum'iodicio
1079 4280 1108 4326 ct
1125 4277 1240 4330 senten·
