2934 4700
462 273 748 347 nrsroursnms
775 288 829 349 ru.
851 294 904 360 τι.
1140 275 1228 389 tls

151 424 221 500 λις,
247 411 270 504 ἢ
293 418 454 506 ἀρχόντων
474 426 496 510 ἦ
519 432 666 510 βασιλεία
685 433 853 524 εύποροίη,
882 433 942 507 κόν
959 443 1042 535 τύχη
1061 454 1125 518 τινί
1143 474 1296 542 σφα-λα.
1308 474 1372 547 rili

150 519 230 583 iuius
241 568 252 599 ‚
279 517 394 608 ῥηιδίως
413 520 552 590 δύναιντ’
575 524 614 592 όν
634 533 848 614 ε’πανασιύζειν
866 537 923 625 την
940 548 1097 632 προτέραν
1118 555 1229 640 τύχην.

151 609 190 679 όν
214 618 244 680 δ’
262 614 346 696 ἅπαξ
366 623 604 708 ύποστερηθοῖσι
624 633 687 694 τῶν
704 632 875 719 τοιούτων,
899 638 992 705 ούδὲν
1010 640 1100 712 ἔσται
1122 649 1322 717 asilo-eso:

147 738 215 797 μα,
234 715 280 800 μη
305 719 350 795 εἰς
379 717 514 802 ἔσχατον
535 731 746 810 κακοπραγίας
775 729 909 816 τάχιστα
933 738 1083 825 όφῐχθαι.
1123 744 1153 813 ¹ii
1173 760 1231 818 νῦν

128 805 211 894 ὄόγιό
231 812 287 900 τὴν
306 818 471 898 Ῥωμαιων
488 819 628 901 μάλιστα
651 825 808 913 ὀδύρομαι
828 829 1015 921 ἠγεμονίαν,
1036 838 1088 910 ότι
1107 854 1231 916 πολλῶν

148 915 207 976 καί
222 916 412 994 θαυμασίων
429 917 555 1004 strepas
575 922 728 1010 πρότερον
765 931 963 1016 ιύποροόσαν
992 945 1051 1007 νόν
1070 947 1116 1021 εἰς
1136 952 1229 1014 τούτο

145 1011 377 1097 περιίστησετό
391 1014 494 1081 πάντα
506 1019 668 1088 καταλύων
680 1027 804 1109 χρόνος,
818 1026 898 1096 aiore
910 1032 1065 1117 ἡγεμόνας
1076 1045 1139 1109 τοῖν
1152 1073 1230 1131 προ·

146 1107 274 1192 γμότων
304 1110 389 1194 ἔχειν
414 1118 515 1200 μηδὲν
535 1112 662 1200 ἄμεινον
692 1128 755 1189 τόν
781 1133 904 1195 πολλῶν
925 1136 1151 1219 διακειμένους.
1190 1144 1228 1210 τό

146 1205 209 1292 γὰρ
239 1209 318 1295 ύπὲρ
339 1211 531 1296 τηλικούτων
556 1224 725 1303 πρεσβείαν
755 1229 961 1309 παυομένους
992 1240 1048 1301 καί
1072 1238 1154 1324 πρός
1172 1246 1230 1326 ε’μιλ

108 1305 206 1371 sotir
218 1306 318 1376 πολύν
336 1301 397 1397 ἤδη
414 1310 532 1397 χρόνω
549 1307 687 1402 ἄρξαντα
705 1324 821 1402 adesir,
843 1326 898 1393 καί
916 1323 964 1413 ού,
990 1335 1020 1398 εἰ
1036 1335 1081 1422 μὴ
1095 1339 1231 1427 ἐπίφθο-

144 1428 202 1472 νον
223 1408 339 1492 εἰπεῖν,
360 1414 415 1477 καί
430 1414 608 1496 βλέμματος
632 1412 807 1487 ἀπολαύειν
829 1433 1005 1514 προσηνοῦς
1026 1435 1061 1500 ἐν
1082 1439 1230 1526 μεγιστης

144 1496 227 1588 ἦγον
251 1500 400 1592 εότοχίας
421 1513 521 1597 μέρει,
545 1512 653 1581 ἔπειτα
671 1520 773 1603 μηδὲν
791 1520 872 1608 μήτε
884 1526 1131 1616 ἐρευνήσαντας,
1151 1536 1230 1624 μήτε

144 1609 364 1686 σκεψαμένους
383 1604 482 1684 ούτως
497 1611 732 1698 ἀπερισκέπτως
751 1622 807 1686 καί
825 1625 972 1707 θρασίως
992 1627 1029 1694 τό
1055 1634 1228 1703 ἐπελθόντα

143 1703 296 1789 γράφειν,
329 1707 386 1769 ούκ
413 1709 537 1775 ἐκείνων
558 1710 687 1793 μάλιστ’
718 1709 760 1782 όν
787 1743 836 1798 τις
861 1723 1082 1812 κατηγορήσειεν
1108 1736 1252 1819 apsari-lt

106 1800 241 1866 εόκοντα
256 1804 465 1886 εἰργασμένων
480 1804 621 1895 ἑαυτοῖς,
643 1805 665 1897 ἢ
686 1809 750 1903 όσιρ
764 1816 821 1901 τήν
835 1827 995 1910 περιφανῆ
1008 1828 1156 1916 πρότερον
1172 1834 1230 1900 καί

141 1900 265 1987 εύεοχῆ
275 1899 446 1985 Ῥωμαιων
465 1907 651 1992 θρηνήσειεν
669 1910 837 1997 ἡγεμονίαν
870 1919 933 1984 sisso*
959 1923 1127 2011 τοιούτοις,
1150 1935 1226 2017 φεύ,

141 1999 355 2085 ἀνδραπόδοις
385 2005 549 2090 ύγομίνην.
567 2007 644 2093 περί
653 2011 712 2089 μὲν
721 2006 780 2076 σύν
794 2015 918 2083 ἐκείνων
933 2017 1037 2103 όλίγος
1049 2028 1123 2106 ἐμοὶ
1136 2026 1227 2111 λόγος

139 2102 256 2182 γίνοιτ’
284 2096 345 2184 όν,
376 2105 512 2168 τοιαῦτα
539 2105 595 2170 καί
621 2108 805 2196 φαυλότερα
833 2114 980 2200 πράττειν
1007 2112 1095 2187 ούσιν
1116 2125 1227 2203 ἀξίοις.

134 2192 340 2264 Ἀποκαύκοο
363 2201 399 2264 δὲ
421 2204 482 2264 τού
504 2209 785 2287 παρακοιμωμίνοο
815 2210 853 2275 ού
884 2212 944 2298 τὴν
963 2220 1145 2304 μοχθηρίαν
1168 2221 1226 2304 μό-

100 2319 198 2364 νονον
229 2295 286 2362 καί
305 2301 514 2385 φιλοψευδὲς,
544 2301 627 2369 α’λλόι
648 2308 704 2371 καί
721 2304 781 2392 τὴν
800 2309 969 2398 ἰταμότητα
984 2316 1039 2382 καί
1054 2317 1113 2405 τὴν
1131 2320 1225 2386 α’ναι-

140 2402 296 2482 σχνντίαν
323 2396 426 2466 ἔπεισι
443 2403 632 2484 θαυμάζειν,
653 2399 713 2489 ὅτι,
733 2410 834 2475 καίτοι
851 2414 973 2493 μέλλων
992 2419 1048 2481 ἐπί
1067 2417 1226 2485 τοσούτων

139 2498 331 2581 ἐλέγχεσθαι
354 2503 538 2586 σαφέστατα
560 2502 772 2587 ψευδόμενος,
801 2503 887 2590 όμως
914 2513 969 2576 όπί
991 2518 1036 2603 τῷ
1055 2514 1100 2603 μη
1122 2519 1225 2585 όοκεῖν

138 2597 209 2683 εἰκῇ
227 2601 285 2662 καί
302 2595 406 2683 μύτην
417 2596 472 2663 τόν
489 2597 624 2682 πόλεμον
644 2595 846 2691 κεκινηκέναι,
865 2611 942 2695 μηδ’
955 2608 1093 2697 irrisuro
1106 2627 1223 2701 πονεῖν,

138 2696 243 2761 εἵλετο
257 2698 311 2781 τῆς
329 2698 380 2760 ἐπ’
401 2695 506 2782 ὀλίγον
527 2700 672 2779 εύδοξίας
690 2701 748 2787 την
763 2702 817 2770 διό
837 2709 910 2788 βίον
932 2708 1087 2798 αἰσχύνην
1107 2714 1255 2782 dnae-c

212 2838 314 2891 παιιαλ
330 2836 502 2908 φιλοψευδὲς
517 2839 578 2894 add.
596 2841 633 2894 bl.

140 2983 268 3056 quamvis
294 2997 357 3035 casu
375 2983 491 3054 quodam
514 2984 691 3051 offenderint,
708 3001 792 3055 parvo
810 2990 920 3060 negotio
941 2991 976 3046 ad
991 2996 1133 3062 pristinam
1150 3000 1216 3053 leli·

140 3059 253 3108 citatem
280 3053 402 3106 revocari
428 3061 565 3123 poterunt.
607 3056 768 3110 sinautem
792 3060 862 3112 tales
881 3061 953 3116 viros
970 3067 1054 3117 semel
1070 3071 1222 3135 amiserint,

139 3124 213 3178 nibil
242 3124 366 3193 prolecto
390 3123 505 3176 celerem
527 3131 556 3177 et
582 3133 729 3179 extremam
757 3144 851 3180 eorum
877 3132 1015 3184 miseriam
1032 3140 1220 3193 remorabitur.

139 3194 278 3265 Quocirca
301 3196 448 3246 Romanum
473 3193 616 3264 imperium
634 3212 683 3265 ego
703 3199 888 3269 maximopere
909 3202 1006 3272 lugeo,
1032 3208 1107 3275 quod
1128 3210 1222 3262 multis

141 3273 222 3317 autea
239 3266 306 3318 viris
324 3263 534 3317 admirabilibus
552 3264 716 3330 abundans,
729 3268 811 3321 modo
830 3270 922 3322 omnia
941 3274 1088 3327 conficiens
1107 3284 1136 3331 et
1154 3295 1223 3333 con-

140 3348 249 3388 sumens
264 3342 386 3390 vetustas
403 3351 436 3387 eo
453 3334 566 3402 redegit,
587 3343 619 3386 ut
634 3353 765 3389 summam
784 3340 843 3392 eius
860 3349 980 3405 teneant,
1005 3361 1075 3416 quos
1092 3362 1109 3399 e
1129 3351 1221 3405 medio

140 3402 284 3472 imperitae
302 3404 463 3475 plebeculae
479 3405 615 3476 prodiisse
633 3407 714 3459 dieas.
740 3408 810 3461 Nam
827 3425 910 3479 super
931 3412 1035 3468 talibus
1055 3415 1222 3488 legationem

140 3472 251 3527 mittere
281 3484 310 3528 et
334 3476 368 3528 sd
390 3492 433 3527 me
458 3477 586 3539 mittere,
607 3477 662 3598 ffii
686 3477 754 3548 ipsis
783 3478 831 3532 diu
850 3482 903 3533 iam
920 3481 1068 3554 imperavi,
1096 3498 1125 3542 et
1142 3493 1221 3545 euius

141 3541 227 3612 (absit
243 3545 325 3599 verbo
342 3545 459 3615 invidia)
475 3545 520 3599 vel
542 3547 605 3617 plac
647 3563 694 3599 ors
719 3546 851 3617 adspectu
878 3549 992 3620 dignati,
1009 3555 1040 3608 in
1064 3558 1141 3612 coelo
1163 3561 1220 3614 sibi

141 3627 201 3665 esse
218 3612 394 3668 videbantur:
420 3615 520 3669 deinde
540 3616 613 3669 nihil
629 3632 718 3687 neque
737 3620 931 3689 anquirentos,
947 3641 1038 3695 neque
1059 3629 1221 3701 circumspi-

141 3682 262 3746 cientes,
284 3683 352 3737 adeo
376 3688 533 3739 inconsulto
558 3695 586 3739 et
607 3687 779 3742 confidentes
805 3690 873 3760 quid
893 3691 989 3746 uldin
1010 3695 1123 3750 bnecam
1140 3703 1219 3754 venit

140 3754 277 3817 seribere,
296 3770 352 3805 nou
368 3762 424 3806 tarn
445 3757 518 3819 illis,
535 3755 611 3826 quod
630 3773 660 3809 se
680 3758 792 3826 dignum
812 3768 855 3811 est
875 3709 1058 3828 iacientibus,
1085 3769 1220 3840 quispiam

140 3823 362 3891 reprehenderit,
383 3840 463 3895 quam
481 3827 588 3878 illustre
604 3830 680 3897 prius
698 3834 727 3878 et
746 3826 856 3881 beatum
876 3831 1056 3887 Romanorum
1075 3838 1220 3908 imperium

139 3907 212 3943 nuuc
229 3892 264 3945 ab
283 3893 458 3958 huiusmodi,
479 3913 529 3963 pro
549 3897 638 3948 Deum
656 3897 853 3963 immortalem,
877 3903 1020 3971 mancipiis
1038 3906 1220 3976 gubernatum

141 3960 289 4015 defleverit.
325 3963 381 4015 Sed
398 3963 432 4015 de
450 3966 508 4018 illis
526 3966 599 4019 nibil
616 3966 704 4018 dicam
721 3968 854 4035 amplius,
900 3986 949 4024 uos
965 3974 1029 4024 talis
1050 3978 1172 4029 conditio
1189 3988 1219 4033 et

138 4033 218 4099 peior
238 4036 319 4087 etiam
344 4034 439 4088 decet:
464 4035 621 4104 Apoeauchi
638 4037 769 4108 praefecti
791 3986 913 4091 eubiariii
937 4058 994 4095 non
1014 4046 1219 4116 improbitatem

139 4101 222 4152 modo
247 4105 455 4176 mentiendique
481 4107 644 4171 libidinem,
672 4106 722 4160 sed
744 4108 926 4164 temeritatem
951 4130 1061 4184 quoque
1082 4125 1111 4169 st
1127 4119 1219 4185 impu-

142 4155 261 4224 dsssm
278 4175 411 4230 admiror:
430 4177 479 4246 qui
497 4180 619 4248 quemvis
636 4192 693 4233 non
709 4178 805 4248 ρειιοίι
824 4185 853 4233 et
876 4185 1054 4255 apertissimis
1086 4188 1218 4259 exemplis

176 4273 381 4335 Centemmanus
401 4279 439 4336 Π.
989 4302 1024 4357 29
