2934 4700
516 203 800 273 nrsnonrsnun
831 210 887 272 ττι.
911 209 985 307 75.v
1023 306 1025 310 μ
1186 182 1266 298 ληι

189 360 367 425 άποδέονσα
399 358 461 423 τεόν
493 358 528 421 έν
555 358 759 448 δεσμωτηρίῳ
790 355 968 440 διαγόντων.
1018 359 1053 422 τό
1065 355 1125 442 γάρ
1146 359 1418 457 §estimandus

189 458 383 542 διενήνοχεν,
410 460 440 522 εἰ
458 456 558 541 μηδὲν
577 452 658 540 μήτε
678 455 935 540 βουλεύσασθαι,
965 455 1041 538 μήτε
1066 460 1183 539 πρᾶξαι
1208 460 1271 523 τῶν

190 552 325 622 δεόντων
346 550 506 638 δύναται,
537 549 618 619 itti
641 563 706 631 τοῖς
732 556 961 641 ἐψηφισμένοις
981 549 1044 618 siud
1069 557 1131 620 enin
1153 554 1271 642 οἷρχόν·

187 679 251 720 των
270 658 406 720 ἕπεσθαι
427 652 562 737 άνάγκην
581 652 649 736 ἔχει
666 680 678 735 3
698 651 755 728 τάς
775 676 810 716 τε
828 649 936 728 πόλεις
957 647 1195 736 ἀπολωλέκατε,
1213 651 1272 731 τάς

164 757 245 833 ὃμὲν
276 752 386 828 αότοῖς
416 756 545 831 Μυσοῖς
583 750 861 838 παραδεδωκότες,
899 751 939 816 ἵν’
958 748 1053 835 ἔχητε
1081 747 1303 835 συμμάχουςῐ)

184 852 326 937 ἐπ’έμὲ,
353 854 418 916 suin
444 852 474 916 δ’
488 846 551 914 ini
577 855 743 936 Τριβαλσῖς
773 851 1028 930 δεδουλωμένων.
1069 849 1124 915 καί
1150 848 1184 913 αἱ
1205 856 1269 913 λει-

182 951 320 1033 πόμεναι
340 952 396 1030 δὲ,
430 947 479 1015 ἔτι
496 948 577 1037 πρός
602 951 659 1031 ἐμέ
678 972 713 1014 τε
733 951 789 1014 καί
805 948 890 1031 όμάς
910 950 1122 1037 διῃρημέναι,
1149 946 1190 1014 τά
1209 952 1270 1031 μὲν
1310 994 1315 1005 ,

182 1047 285 1114 ου’ταό
305 1043 496 1135 ἐφ’έαυταῖς
524 1046 752 1126 στασιάζουσαι
780 1045 836 1112 καὶ
855 1044 1144 1135 διαφθειρόμεναι,
1174 1046 1214 1113 τά
1237 1052 1282 1113 δ’·

181 1147 243 1234 ὐφ’
268 1145 358 1232 ἡμῶν
389 1142 508 1222 ἔξωθεν
536 1146 797 1231 πολιορκεόμενοι
840 1145 896 1210 καί
930 1140 1269 1229 ἐξανδραποδιζόμενοι

140 1248 240 1317 sonui
257 1243 298 1311 τά
322 1242 482 1310 δεινότατα
502 1243 736 1329 ὑπομένουσαι,
758 1246 803 1321 εἰς
822 1240 957 1330 ἐσχάτην
971 1242 1106 1332 άπορέαν
1126 1236 1268 1328 ἤλασαν,

182 1342 240 1409 καὶ
260 1342 366 1428 όλέγσυ
394 1343 654 1431 άποδέοοσιμιόν
681 1340 743 1408 όπό
774 1347 936 1426 πολεμίοις
962 1344 1145 1429 γενομένων.
1187 1368 1267 1430 χρη-

180 1442 294 1524 μάτων
311 1466 346 1507 τε
373 1443 471 1529 πόρος
499 1438 696 1524 ου’δαμόθεν·
729 1438 771 1507 τά
792 1466 826 1507 τε
846 1440 908 1528 γάρ
930 1434 1119 1523 άποκεέμενα
1140 1439 1265 1505 οἴνάλω-

180 1566 237 1606 ται
248 1593 259 1623 ,
288 1544 344 1606 καί
371 1538 412 1606 τά
429 1538 581 1625 κειμήλια
600 1542 787 1607 α’ποδέδοτοιι
807 1541 847 1607 τά
867 1540 1015 1622 βασιλικοὶ
1038 1532 1083 1616 εἰς
1113 1538 1187 1616 τοός
1208 1563 1266 1603 κα-

179 1638 256 1716 λοός
275 1641 485 1722 ἀποστόλους,
517 1637 594 1705 ὅθεν
615 1634 721 1725 ὄνησις
744 1641 878 1722 σάδεμέα
898 1641 1109 1727 περιγένεται·
1139 1641 1184 1705 ini
1204 1636 1265 1723 γάρ

136 1736 221 1811 ι5τά
235 1739 372 1825 ἡμέτερα
388 1742 526 1805 τοσαῦτα
540 1731 615 1805 ὅντα
637 1742 756 1823 λέγειν·
785 1738 842 1805 καὶ
854 1737 888 1805 τά
903 1738 1260 1827 πρόσοδοιέκλελοέπασι
1271 1747 1360 1805 lteri

173 1842 240 1905 τεόν
259 1842 370 1903 κοινάν
398 1839 453 1922 τῆς
472 1836 582 1925 χάρας
612 1840 856 1925 διεφθαρμένης.
897 1836 977 1922 πρός
1003 1836 1127 1915 τούτοις
1154 1839 1189 1902 δὲ
1209 1838 1265 1902 καί

174 1934 206 2002 οἱ
228 1940 311 2020 μέγα
332 1934 500 2019 δυνάμενοι
520 1935 577 2001 καὶ
593 1942 725 2019 βασιλεῖ
740 1936 992 2023 συμπράττοντες
1019 1934 1098 2021 πρός
1125 1934 1183 2022 την
1203 1936 1264 2022 α’ρ-

168 2033 239 2121 χην
275 2034 382 2116 οἱμὲν
420 2032 472 2098 διά
498 2033 556 2120 την
589 2036 635 2112 εἰς
667 2036 724 2116 ἐμὲ
748 2028 876 2100 εόνσιαν
893 2032 1065 2120 χρημάτων
1088 2034 1263 2118 άποστερη-

171 2137 286 2211 θέντες
311 2130 369 2213 καὶ
398 2132 479 2219 πρός
498 2142 612 2220 πεῖραν
629 2136 753 2200 πολλῶν
780 2133 932 2220 πρότερον
959 2135 1065 2197 κακῶν
1093 2131 1265 2216 ἐλθόντες,

127 2239 233 2307 nontin
267 2234 387 2298 σι’κοόσι
423 2235 643 2318 δεσμωτήρια,
675 2230 704 2296 oi
741 2235 773 2299 δ’
802 2230 851 2299 ότι
882 2232 1084 2317 ἐμνήσθησαν
1120 2224 1261 2314 εἰρήνης,

168 2334 307 2421 ὁρῶντες
340 2326 374 2399 οἷ
404 2334 509 2397 κακιόν
536 2330 709 2414 δπόλεμος
734 2332 899 2420 χωρήσει,
928 2335 1030 2396 καίτοι
1057 2353 1093 2413 γε
1125 2330 1261 2394 κάκεῖνοι

167 2430 286 2500 τούτου
315 2430 492 2497 αἰτιώτατοι
514 2434 730 2517 γεγενημένοι,
763 2427 921 2517 άπρακτσι
949 2427 1104 2515 κ’άθηνται
1136 2428 1171 2495 έν
1191 2436 1262 2505 ταῖς

168 2513 308 2613 nisibis,
330 2525 414 2596 οὕτω
436 2531 706 2619 προστεταγμένον
725 2528 788 2597 sind
811 2529 1107 2619 παρακοιμωμένου.
1154 2524 1260 2616 ιόσπερ
1314 2522 1319 2538 ”

244 2665 268 2719 5.
289 2663 382 2733 έχοιτε
398 2665 425 2718 Ρ.
496 2656 643 2725 stante
660 2663 697 2720 Μ.
773 2668 814 2726 13.
833 2663 868 2720 sd
891 2673 956 2720 ante
972 2665 1063 2735 βασιλ.
1081 2663 1144 2723 add.
1162 2665 1199 2718 tl.

168 2789 275 2838 testate
295 2782 331 2834 ab
360 2780 538 2835 archontibus
563 2784 699 2855 spoliata,
721 2786 753 2837 in
769 2784 871 2853 palatio
891 2801 947 2838 uon
965 2800 1040 2837 secus
1059 2789 1142 2856 atque
1160 2786 1190 2837 in
1207 2802 1260 2838 cu·

167 2853 262 2909 studia
293 2860 402 2915 manet,
422 2869 572 2924 parumque
603 2855 639 2906 ab
663 2855 699 2907 iis
724 2854 833 2919 differt,
858 2857 907 2924 qni
933 2856 964 2907 in
990 2871 1095 2909 carcere
1121 2855 1258 2909 victitant.

167 2924 250 2995 Quid
280 2924 355 2976 enim
381 2922 506 2985 differat,
535 2923 648 2987 amabo,
673 2926 697 2976 si
727 2926 753 2978 ei
771 2926 842 2976 nihil
861 2940 951 2994 neque
978 2926 1144 2988 consultare,
1168 2938 1261 2996 neque

166 3012 251 3067 agere
277 2993 352 3065 quod
383 3009 452 3062 opus
479 2995 517 3045 sit
542 2993 718 3056 conceditur,
747 2995 795 3047 sed
821 2995 931 3046 illorum
957 2992 1065 3047 decreta
1086 2994 1203 3064 probare
1229 3000 1259 3047 et

167 3064 251 3137 sequi
270 3062 398 3134 cogitur?
433 3062 519 3116 Urbes
535 3071 626 3117 autem
647 3064 819 3133 perdidistis:
837 3082 899 3117 nam
918 3064 984 3116 alias
1003 3064 1056 3133 ipsi
1076 3064 1176 3116 Moesis
1193 3080 1259 3133 pre·

166 3140 241 3190 tium
270 3134 411 3188 societatis
439 3141 533 3185 contra
553 3152 597 3186 sue
619 3133 753 3198 dedistis,
773 3134 838 3187 alias
857 3134 975 3187 Triballi
990 3133 1171 3203 subegerunt:
1191 3133 1260 3185 reli·

189 3207 233 3258 uis
263 3207 405 3274 intcgme
433 3219 535 3275 vosque
562 3204 656 3257 divisis
666 3221 675 3268 ;
708 3207 800 3258 earum
825 3205 924 3274 partim
959 3205 1098 3256 intestinis
1121 3207 1259 3274 agitantur

167 3224 316 3328 discordiis
329 3282 358 3328 et
378 3273 490 3327 sibimet
507 3275 593 3327 exitio
614 3282 688 3338 sunt,
701 3278 827 3346 partima
841 3273 920 3326 nobis
940 3273 1006 3325 ioris
1027 3273 1151 3327 obsessae
1164 3277 1258 3342 iugum

169 3348 294 3416 accipere
316 3354 424 3397 coactae
450 3345 670 3416 gravissimisque
701 3349 812 3398 attritae
845 3344 1041 3408 incommodis,
1068 3345 1100 3397 in
1124 3351 1259 3397 extremas

169 3414 344 3468 difficultates
362 3414 502 3469 coniectae
522 3426 603 3480 sunt,
623 3432 674 3469 nec
694 3417 748 3467 alia
770 3417 828 3468 sere
846 3415 1005 3468 conditione
1029 3423 1109 3478 sunt,
1155 3432 1214 3467 uum
1233 3413 1259 3465 si

168 3484 207 3536 ab
234 3484 360 3538 hostibus
384 3485 546 3555 subiugatos
570 3484 668 3543 iurent,
720 3485 855 3538 Pecuniae
875 3486 988 3538 incultas
1006 3484 1091 3538 nulla.
1168 3502 1210 3539 ans
1229 3491 1259 3538 et

166 3556 305 3608 aerarium
325 3564 367 3608 est
384 3557 555 3610 exinanitum
578 3564 606 3608 et
623 3556 744 3609 thesauri
762 3557 918 3627 absumpti,
936 3564 1152 3626 ornamentaque
1170 3556 1260 3623 impe·

165 3626 272 3677 ratoria
302 3624 454 3689 divendita,
484 3633 513 3679 et
540 3628 570 3678 in
589 3628 710 3697 egregius
736 3628 800 3679 istas
828 3627 945 3689 classes,
974 3626 1047 3678 unde
1074 3627 1151 3677 nulla
1175 3623 1260 3677 rediit

88 3685 104 3706 χ
165 3695 294 3754 utilitas,
314 3694 436 3764 impensa
454 3706 528 3763 sunt,
541 3697 588 3766 (de
602 3707 696 3750 nostra
711 3698 785 3751 enim
799 3705 855 3749 tans
875 3699 1006 3748 immensa
1044 3698 1140 3747 ecuuia
1159 3693 1259 3813 taceoss

166 3772 196 3818 et
217 3765 331 3834 publica
357 3766 509 3833 vectigalia,
534 3772 635 3818 vastata
654 3766 766 3850 rcssione
796 3766 966 3821 defecerunt,
989 3714 1068 3816 Adde
1085 3764 1156 3827 huc,
1183 3781 1237 3834 quo

165 3836 297 3905 opulenti
317 3843 345 3886 ct
358 3834 529 3903 imperatoris
546 3835 669 3888 defuncti
688 3854 718 3887 sn
734 3833 912 3905 gubernando
932 3834 1086 3887 administri
1103 3836 1162 3897 alii,
1183 3829 1259 3905 qnod

166 3905 235 3957 mihi
260 3907 380 3967 vellent,
404 3910 528 3973 pecuniis
555 3907 666 3976 spoliati
695 3913 723 3957 ct
748 3907 830 3957 variis
849 3916 928 3959 autea
945 3906 1036 3957 venati
1054 3905 1159 3966 modis,
1185 3919 1258 3954 nunc

167 3992 287 4028 carceres
307 3977 443 4036 incolunt,
464 3979 521 4040 alii,
539 3980 670 4047 quoniam
691 3985 851 4038 cernentes,
875 3983 1004 4047 quantam
1027 3976 1081 4029 vim
1110 3978 1258 4026 incommo-

169 4043 264 4097 dorum
294 4047 346 4099 boc
370 4046 474 4097 bellum
499 4055 570 4100 esset
595 4049 770 4117 pariturum,
797 4047 973 4118 (quamquam
994 4047 1114 4098 eiusdem
1134 4041 1258 4115 primarii

168 4123 292 4170 auctores
318 4117 404 4172 iidem
430 4118 484 4186 ipsi
507 4116 648 4184 fuissent)
674 4119 750 4190 pacis
776 4119 943 4173 mentionem
975 4116 1150 4182 intulissent,
1183 4112 1259 4169 domi
