2934 4700
244 297 324 379 262
644 322 923 388 muascuzaur

91 486 159 540 nc,
171 489 235 556 stis
246 503 283 542 νυ
302 480 447 561 βασιλέα.
489 481 545 544 καί
564 473 599 541 τό
619 475 658 560 dr}
680 475 962 562 θαυμαστότερον,
997 472 1050 544 ότι
1067 476 1103 544 εἴ
1116 502 1189 545 ποτε
1207 503 1324 548 comu-

210 591 291 642 Βσιν
304 573 493 663 ἀμφοτέροις
507 578 617 660 ἐδέησέ
629 601 701 642 τινα
722 580 786 642 τῶν
806 576 1034 665 εὐγενεστέρου
1043 581 1209 665 Τριβαλιόν
1224 605 1324 663 προσ-

239 682 358 758 ελθεῖν,
388 673 520 762 Κρόλης
549 679 609 756 μέν
642 674 721 740 aursi
746 674 780 741 τό
812 675 923 752 εἰωθός
947 679 1048 742 ἐποίει
1086 681 1144 745 καί
1172 682 1324 763 εἰσέβαινε

236 780 295 840 τοῦ
314 776 411 840 ἵππου
433 775 513 859 πρὸς
531 773 588 859 τῆν
607 772 866 861 προσαγόρευσιν,
886 776 1039 857 βασιλιές
1058 779 1095 843 δὲ
1106 778 1322 865 μένωνέφιιι·

236 898 313 955 πος,
341 869 496 960 ῆοπόζετο
520 872 575 940 τόν
606 873 788 958 προσιόντα.
839 873 921 958 πρὸς
942 877 978 941 δέ
995 874 1054 961 τῆν
1074 877 1177 943 οἰκίαιν
1199 880 1343 951 ἐκείνους

236 971 390 1056 εἰσιόντα,
419 972 539 1062 (εἰσῄει
570 976 605 1039 δὲ
631 970 788 1057 ὁσημέραι
816 968 944 1055 σχεδόν·
985 973 1026 1037 ori
1053 973 1114 1062 γὰρ
1145 974 1197 1039 εἰσ
1214 981 1322 1058 μένειν

236 1072 292 1137 ἰπί
308 1077 362 1158 τῆς
382 1078 519 1158 σκηνῆς,
542 1071 643 1155 πόσης
665 1072 746 1156 ἡδίω
767 1073 931 1156 διατριβῆς
949 1071 1006 1156 τῆν
1025 1073 1106 1160 πρός
1127 1077 1246 1140 ἐκεῖνον
1273 1100 1322 1140 τν-

238 1176 372 1255 θέμενος
391 1171 568 1254 όμιλίανΛ
589 1169 651 1248 ἔξω
672 1174 732 1253 μὲν
749 1175 805 1255 τῆς
826 1171 926 1256 πόλης
945 1169 1024 1247 τοός
1041 1176 1132 1249 νέους
1150 1177 1213 1238 τόν
1230 1174 1322 1259 εὔγε-

237 1275 392 1357 νεσιέρων
412 1276 489 1361 πεζῆ
511 1276 641 1349 θέοντας
658 1272 801 1336 ἐκέλευεν
820 1270 981 1359 inaneis,
1009 1269 1101 1339 ἔνδον
1122 1275 1160 1338 di
1178 1276 1235 1358 τῆς
1261 1269 1321 1339 αό-

235 1377 294 1455 λῆς
315 1371 390 1449 τοός
419 1376 647 1457 πρεσβυτέρους
676 1371 732 1436 sai
751 1373 855 1449 α’ξιλιις
880 1379 951 1446 ταῖς
969 1374 1046 1456 παρ’
1066 1372 1175 1449 αότοϊς
1193 1391 1362 1460 τετιμη-Ιθ

236 1476 370 1552 μένους,
402 1471 500 1548 αἰτός
528 1475 564 1536 δὲ
593 1472 648 1537 ἰπί
664 1469 721 1538 τόν
741 1475 867 1556 πρῶτον
885 1466 1025 1553 μα’λιστα
1045 1474 1108 1538 τῶν
1127 1472 1221 1538 οἴκων
1238 1472 1321 1553 μετὰ

212 1567 300 1653 ΰτῆν
325 1569 427 1655 αὕλῆν
464 1567 691 1656 προσηγόρευεν
709 1571 877 1653 ὑπαντᾶν,
910 1565 933 1654 ἢ
964 1570 1021 1635 καί
1046 1565 1125 1656 ἄχρι
1143 1574 1203 1636 τοῦ
1221 1570 1320 1637 τόπου

233 1668 313 1734 ἔνθα
340 1674 398 1736 τοῦ
426 1672 523 1735 ἵππου
554 1666 708 1752 ἀπέβαινε
734 1674 850 1756 προΐει.
891 1664 954 1752 orig
977 1666 1062 1755 ἧττον
1081 1673 1118 1735 δέ
1139 1674 1322 1757 φιλοτιμιαν

233 1772 290 1833 καί
318 1768 337 1853 ἧ
366 1772 423 1836 τοῦ
462 1770 578 1853 Κρόλη
613 1767 733 1852 γαμετῆ
764 1766 844 1853 πρός
877 1771 1011 1850 βασιλέα
1031 1769 1250 1853 materiam,
1284 1771 1321 1835 ἔν

232 1869 312 1932 πᾶσι
338 1866 478 1948 μάλιστα
508 1872 629 1933 ἐκείνου
652 1863 803 1950 οόόάμιός
837 1870 1065 1933 ιίπολειόιεσθαι
1085 1869 1359 1956 pernoctavimus

232 1971 332 2034 ταῦτα
363 1971 424 2050 μὲν
445 1959 502 2033 σόν
520 1967 607 2057 παρὰ
622 1965 727 2035 πάντα
745 1967 800 2034 τόν
820 1965 957 2052 χρόνον,
994 1970 1030 2033 ἰν
1057 1958 1320 2055 ᾦσυνδιέτριβεν

233 2067 343 2145 adroic
364 2067 384 2132 ό
407 2067 576 2150 βασιλεός,
595 2063 778 2154 έπρόττετο.
821 2069 856 2135 έν
876 2068 992 2152 α’ρχαές
1020 2068 1057 2136 cli
1074 2068 1129 2152 τῆς
1150 2068 1321 2152 ε’τιιδημιας

231 2164 374 2250 μάλιστα
409 2171 444 2234 έν
474 2167 608 2253 ἡμέραις
633 2162 692 2231 οὖν
723 2167 844 2251 ὀλίγαις
865 2162 971 2244 πότοις
1005 2166 1060 2231 ιιαί
1084 2162 1318 2254 φιλοτησιλιιςό

232 2271 482 2352 τῶνΤριβαλῶν
497 2261 605 2354 όρχαν
626 2265 682 2355 τῆν
702 2266 783 2357 πρὸς
802 2270 937 2350 βασιλέα
970 2259 1098 2331 εὔνοιαν
1120 2262 1320 2349 ἐπιδειξόμε-

232 2390 303 2450 νος,
339 2366 451 2433 έπειτα
482 2370 697 2449 ἐπυνθάνετο,
728 2364 806 2433 ότου
833 2367 931 2454 χάριν
950 2367 1097 2451 α’φίκοιτο
1116 2364 1196 2451 πρός
1218 2363 1360 2431 asisino

232 2468 288 2532 καί
319 2471 350 2534 εἰ
381 2472 484 2534 δέοιτο
503 2470 578 2552 παρ’
601 2469 703 2531 αἰτοῦ
724 2490 814 2545 τινος.
855 2465 1008 2549 βασιλευς
1041 2462 1184 2550 δέ-ῆιιειν
1202 2468 1264 2545 μέν
1282 2462 1316 2529 ἔ-

232 2591 335 2650 φασκε
357 2570 414 2651 τῆς
434 2569 479 2642 εἰς
500 2561 597 2630 αότόν
617 2569 727 2651 φιλίας
748 2570 849 2630 ἕνεκα.
880 2561 918 2630 οὗ
937 2566 997 2652 γὰρ
1020 2558 1061 2630 όν
1080 2564 1127 2651 εἰη
1146 2588 1178 2630 τι
1196 2567 1317 2645 βέλτιον

233 2662 289 2727 καί
316 2667 571 2749 σωφρονέστερον
599 2666 781 2749 οἰνθρώπσις
809 2664 935 2750 ὀρθοῖς·
946 2665 1122 2749 χρωμένας
1151 2669 1315 2744 λογισμοῖς

169 2838 171 2841 ¹
199 2764 290 2833 Decri
317 2766 452 2845 βεβαίαν
480 2765 537 2828 καί
555 2763 662 2850 ἀληθῆ
685 2763 799 2850 φιλίαν
828 2764 1014 2849 κτήσασθαι.
1056 2760 1166 2831 ἔπειτα
1198 2764 1234 2827 δέ
1253 2759 1317 2844 εἴγε

230 3024 301 3077 genn
320 3008 487 3065 exosculari:
509 3010 640 3081 qnodque
658 3009 813 3063 mirabilius
830 3017 886 3074 est,
905 3011 928 3062 si
948 3009 1056 3082 quondo
1080 3026 1133 3060 uns
1158 3010 1315 3080 equitarent

228 3088 423 3149 oportcsctque
441 3099 457 3132 e
474 3082 607 3135 Triballis
625 3084 780 3152 quempiam
799 3081 962 3134 nobiliorem
974 3079 1121 3142 accedere,
1141 3080 1233 3133 Crates
1248 3081 1314 3152 qui-

228 3149 290 3201 dem
310 3169 358 3219 pro
377 3161 486 3223 recepto
505 3171 579 3206 more
597 3153 718 3216 iaciens,
746 3154 781 3206 ab
808 3168 879 3222 equo
898 3151 934 3201 ad
959 3152 1150 3203 salutationem
1170 3150 1245 3201 illins
1264 3151 1314 3202 de·

227 3220 395 3284 secedebat,
417 3224 564 3292 imperator
582 3233 674 3275 nutem
695 3222 729 3274 de
749 3240 819 3294 equo
837 3222 1010 3274 accedentem
1027 3221 1176 3272 salutabat.
1197 3222 1313 3290 Quoties

130 3297 134 3307 '
226 3307 310 3360 porro
334 3294 436 3360 regiam
454 3294 540 3347 Cralis
562 3294 752 3363 ingrederetur
777 3299 818 3362 (et
839 3291 1043 3362 ingrediebatur
1067 3304 1156 3360 paene
1175 3292 1315 3362 quotidie:

226 3365 375 3414 nonenim
396 3380 504 3416 manere
524 3367 552 3415 in
570 3365 689 3417 tentorio
714 3363 937 3426 illuminabat,
984 3364 1058 3414 navis
1084 3361 1168 3412 etiam
1196 3362 1315 3415 iucunda

227 3434 407 3503 occupatione
425 3434 500 3485 illius
518 3435 728 3486 collocutionem
751 3432 938 3487 iucundiorem
958 3380 1059 3485 ducens
1069 3432 1088 3500 ,)
1115 3440 1191 3483 extra
1209 3442 1316 3500 portam

227 3501 446 3556 adolescentulos
472 3504 579 3556 nobiles
606 3503 767 3557 honorarios
792 3504 818 3557 ei
841 3503 957 3556 iubebat
979 3501 1088 3555 obviam
1114 3501 1172 3569 ire;
1193 3502 1223 3553 in
1242 3503 1313 3554 atrio

227 3581 320 3625 antem
338 3576 459 3627 seniores
485 3582 514 3627 ct
542 3577 590 3643 qni
611 3574 765 3627 honoribus
787 3575 988 3644 iungebantur,
1009 3575 1068 3642 ipsc
1086 3580 1150 3641 post
1166 3573 1264 3623 atrium
1283 3573 1314 3625 in

227 3643 304 3696 aditu
326 3641 420 3699 domus
439 3662 468 3697 se
489 3644 596 3696 obviam
615 3647 703 3696 serens
722 3644 878 3698 salutabat:
908 3646 1056 3696 autetiam
1075 3643 1109 3694 ad
1130 3644 1235 3702 locum,
1263 3641 1314 3695 uhi

228 3714 262 3768 ab
281 3731 352 3788 equo
374 3715 571 3778 descenderet,
589 3717 762 3785 procedebat.
798 3715 860 3767 Non
878 3716 967 3767 minus
987 3732 1048 3769 enm
1071 3713 1203 3767 Cralaena
1221 3715 1313 3765 hono-

228 3784 321 3847 rabat,
340 3788 420 3838 enixe
435 3785 622 3848 contendens,
645 3803 681 3839 ne
698 3786 799 3857 quida
820 3785 918 3838 marito
936 3786 1096 3838 vinceretur.
1136 3786 1226 3854 Atque
1245 3784 1313 3835 haec

228 3856 335 3908 tamdiu
355 3856 476 3921 fiebant,
493 3859 624 3927 quamdiu
650 3860 723 3927 apud
742 3875 787 3910 eos
809 3859 959 3926 imperator
979 3856 1207 3912 commorabatur,
1243 3854 1314 3906 Cum

228 3935 318 3979 autern
350 3927 443 3996 primis
469 3926 505 3980 ab
530 3927 648 3980 adventu
673 3928 772 3980 diebus
808 3927 899 3997 iisque
925 3944 981 3980 non
1007 3929 1100 3996 paucis
1127 3925 1313 3979 Triballorum

226 3999 353 4068 princeps
381 3999 562 4068 compotando
600 4006 629 4051 et
651 3999 738 4053 amice
764 3997 936 4068 propinando
967 4014 1041 4049 sunm
1067 4013 1129 4064 erga
1150 3996 1227 4048 ilium
1247 4012 1313 4063 pro-

226 4072 386 4140 pensionem
404 4071 468 4121 satis
487 4068 667 4131 declarasset,
685 4068 820 4140 quaesivit
839 4067 949 4119 tandem
960 4104 969 4130 ,
997 4084 1051 4137 qua
1073 4068 1157 4136 gratia
1176 4069 1312 4128 venisset,

152 4154 154 4159 '
227 4149 256 4193 et
273 4141 340 4208 quid
356 4139 392 4189 ab
410 4158 439 4192 se
456 4148 568 4209 peteret
605 4140 765 4210 Respondit,
784 4139 919 4191 amicitiae
937 4154 1016 4190 cansa
1030 4144 1144 4200 venisse,
1173 4155 1228 4205 qua
1247 4154 1311 4187 vera

227 4220 257 4263 et
273 4211 408 4264 constanti
434 4211 507 4280 apud
532 4209 656 4264 homiues
688 4220 762 4263 recte
781 4213 930 4263 sentientes
953 4208 1026 4262 nihii
1054 4212 1086 4260 sit
1110 4207 1311 4275 praestabilius.

226 4280 351 4349 Deinde,
378 4280 502 4345 simodo
521 4281 586 4341 velit
624 4291 653 4336 et
676 4282 780 4363 possit,
802 4297 902 4360 cupere
921 4298 950 4335 se
969 4282 1027 4336 eius
1052 4278 1162 4340 auxiliis
1181 4278 1218 4333 ad
1236 4279 1312 4338 redi-
