2934 4700
474 349 760 417 nrsronnnnu
790 348 845 414 ur.
875 351 926 421 ss.
1152 324 1236 440 357

156 502 323 588 ρέχοντας,
343 497 478 588 ἔφασαν,
499 498 594 590 ἑτέρην
614 524 659 590 τιρ
678 500 952 586 πρασταχδείημεν
972 503 1168 588 ἐπικουρεῖν,
1193 500 1308 572 oi-hc.
1320 514 1385 588 rili

158 622 209 665 τοι
225 603 284 682 μὲν
303 599 359 665 καί
379 602 414 667 έν
432 601 591 691 ἀσφαλείρι
612 602 802 682 καθεστῶτι,
823 600 942 689 ῥηιδίως
955 602 1169 686 ἀποσταίημεν
1189 598 1241 689 ἀν,

115 712 128 732 “
157 702 216 765 τοῦ
245 699 301 766 τὸν
327 698 445 782 μισθὸν
471 696 667 786 παρέχοντος
697 696 890 775 κελεύοντος·
939 704 1176 791 στρατευομένῳ
1205 706 1242 771 δὲ

161 798 218 864 καί
234 798 315 884 πρὸς
335 797 445 885 μάχην
467 801 743 887 παρατεταγμένην,
764 800 826 883 οάχ
847 798 937 884 ἤμων
957 793 1038 865 εἶναι
1052 800 1242 867 ἀπολείπειν.

138 896 332 984 δπρσδοσίαν
358 896 419 985 yde
449 891 596 983 ’ἀντικρος
623 896 657 965 sd
689 903 819 985 πρᾶγμα
840 895 937 964 εἶναι·
979 890 1018 965 οὗ
1037 902 1099 965 τῶν
1117 899 1243 968 πάντων
1333 916 1341 965 .’

160 1000 254 1064 ostis
275 995 520 1083 ἀτολμητότερον
542 997 633 1083 ἡμῖν,
663 998 742 1063 οὐδὲ
767 1000 865 1081 μείζω
887 1001 977 1086 φέρει
996 996 1055 1084 την
1073 997 1239 1087 αἰσχύνην.

161 1099 204 1160 δι’
223 1092 245 1161 ἀ
269 1093 345 1162 ouidi
366 1099 403 1163 σὲ
420 1100 650 1183 καταλείψομεν
669 1098 795 1181 tausis,
816 1093 921 1184 ὥσπερ
934 1100 1093 1164 ἐκέλευσεν
1111 1098 1333 1182 &arvogasti

160 1190 231 1262 ἀλλ’
250 1197 284 1261 έν
306 1198 465 1286 ἀσφαλείᾳ
486 1194 563 1262 οἴκοι
584 1197 834 1282 καταστήσαντες
854 1193 1108 1282 ἀναχωρησομεν.
1150 1221 1242 1262 συνε-

161 1291 314 1378 βούλευόν
340 1318 374 1359 τε
393 1295 437 1380 μη
459 1300 602 1379 μέλλειν,
631 1297 702 1361 ἀλλ’
725 1297 770 1374 εἷς
793 1290 955 1383 Βέρῥοιαν
973 1294 1108 1378 τάχιστοι
1126 1294 1243 1381 ἐπανη-

125 1412 249 1458 ιοιιειν·
289 1390 422 1480 Κράλην
441 1392 500 1481 γὰρ
522 1397 614 1480 δῆλον
634 1388 693 1482 ἤδη
714 1390 796 1461 εἶναι
815 1395 971 1483 ᾑρημένον
988 1402 1142 1477 πολεμεῖν.
1182 1400 1244 1478 βα·

160 1488 270 1569 σιλεάς
300 1495 335 1559 δὲ
364 1494 473 1571 αὐτοῖς
500 1497 555 1581 τῆς
574 1497 619 1571 είς
638 1489 736 1560 adesir
755 1498 878 1573 εάνοιοις
898 1494 952 1560 καί
969 1497 1030 1560 ταῖν
1048 1491 1170 1579 τρόπων
1188 1496 1245 1579 τῆς

162 1590 318 1674 εδγενείας
337 1595 524 1676 ἐπαινέσας,
546 1592 690 1660 luscini
712 1618 747 1659 se
766 1593 822 1660 ναί
841 1590 1049 1680 ἀνέστρεφεν,
1079 1587 1100 1681 ᾗ
1129 1596 1244 1659 ἐκεῖνοι

165 1687 407 1773 συνεβούλευον,
439 1695 540 1778 μηδὲν
558 1695 622 1758 τοῖν
640 1695 862 1776 μελετωμένων
881 1697 998 1780 πρᾶξαι
1019 1695 1167 1777 δυνηθείς
1188 1687 1243 1757 ded

162 1788 221 1873 την
245 1786 360 1873 Κροίλη
379 1789 518 1871 μάλιστα
538 1790 725 1878 μεταβολήν.
768 1793 788 1877 ἡ
811 1795 846 1857 δὲ
867 1795 902 1858 έν
924 1791 1135 1881 Θεσσαλονίκη
1148 1816 1244 1877 orpu-

125 1885 235 1969 ι5τιά,
263 1883 306 1965 sig
325 1885 480 1957 ἐπύθοντο
501 1895 636 1973 βασιλέα
658 1894 908 1979 ἀναστρέφοντα,
936 1896 993 1976 της
1020 1888 1137 1967 πόλεως
1158 1894 1243 1969 ἐξελ-

162 1983 282 2069 θόντες,
306 1993 426 2055 εἵποντο
442 1993 502 2072 μὲν
515 1988 570 2054 καί
579 2001 732 2075 παρεῖχον
753 1988 890 2077 δόκησιν,
911 1990 954 2067 ἀς
976 1993 1242 2074 πρασβαλοῦντες,

42 2094 47 2099 ’
162 2086 221 2152 osis
235 2085 376 2170 ἐτόλμων
394 2091 430 2155 δὲ
451 2092 697 2175 σομμιηιντισθαι.
739 2097 793 2174 τῆς
814 2082 914 2175 αὐτῆς
934 2092 970 2155 δὲ
992 2089 1113 2174 ἡμέρας
1132 2090 1188 2152 καί
1207 2089 1242 2151 έν

161 2189 224 2252 τῶν
258 2188 294 2253 ἐν
327 2188 537 2278 Θεσσαλονίκη
565 2192 665 2276 φιλων
691 2186 860 2276 γράμματα
889 2186 969 2274 πρὸς
999 2191 1133 2270 βασιλέα
1170 2177 1225 2270 ἧκε
1231 2206 1269 2268 ‚u

162 2282 324 2373 μηνύοντα
351 2283 395 2364 ἀς
423 2289 479 2373 τῆς
506 2290 603 2374 αάτῆς
627 2289 748 2377 ἡμέρας
775 2285 974 2365 Ἀπόκαακος
1003 2282 1137 2371 δμέγας
1167 2283 1243 2365 toi}
1325 2363 1327 2368 p

121 2388 278 2457 novennis
310 2383 524 2472 ἑβδομήκοντα
551 2389 719 2471 Ῥωμαίων
759 2389 971 2475 Θεσσαλονίκη
1003 2388 1158 2473 προσχοιή
1191 2383 1347 2466 suiv-llo

165 2485 373 2569 συμμαχίδας
389 2480 475 2570 ἀγων
495 2485 659 2575 Περσικάς
682 2484 739 2553 δύο
759 2486 815 2553 καί
832 2485 1019 2570 τριάκοντα,
1052 2488 1108 2550 καί
1121 2481 1196 2560 τούς
1217 2482 1253 2549 ἐκ
1279 2473 1282 2484 ’

165 2588 346 2666 Βυζαντίου
374 2592 429 2652 καί
459 2584 586 2676 Θρᾴκης
614 2586 672 2652 καί
702 2589 907 2662 Μακεδονίας
937 2582 1051 2659 ἱππέας
1079 2585 1120 2648 osi
1147 2587 1253 2675 πολλιηῖ

165 2682 300 2772 ὕστερον
320 2686 547 2773 προσδοκίμοας
566 2681 647 2754 εἶναι
665 2682 759 2774 ἥξειν.
810 2685 886 2763 τοδς
905 2687 964 2770 μὲν
985 2676 1042 2750 οὖν
1062 2688 1177 2772 φιλοος
1195 2686 1253 2770 τῆς

166 2880 275 2993 pentem
300 2889 375 2925 sunm
403 2870 553 2928 ondlturos·
599 2871 630 2924 si
656 2872 730 2925 enim
753 2871 858 2935 abeo,
886 2871 934 2942 qni
958 2869 1097 2939 stipendis
1114 2876 1253 2936 numeret,

180 2960 198 2994 n
219 2942 350 3006 niebsnt,
377 2942 494 2995 alterum
524 2941 680 3014 qnempiam
704 2941 778 2995 domi
796 2956 891 2994 secure
910 2940 1051 2994 sedentem
1072 2941 1252 2994 adiuvarent

169 2959 316 3066 deiendere
333 3015 401 3066 inssi
421 3029 560 3077 essemus,
583 3012 665 3066 l'ncilc
683 3011 718 3066 sd
738 3015 796 3066 eius
819 3014 963 3081 imperium
984 3012 1193 3064 desisteremus:
1214 3009 1250 3061 ab

169 3098 203 3137 eo
231 3091 341 3146 autem,
360 3085 409 3154 qui
436 3085 584 3139 exercitum
611 3085 694 3137 duent
719 3090 749 3135 et
775 3080 810 3135 ad
834 3099 951 3153 pugnam
985 3083 1056 3134 acies
1075 3079 1251 3150 disposuerit,

168 3152 303 3216 delicere,
328 3172 344 3206 a
366 3155 467 3207 nostris
496 3156 617 3207 moribus
638 3152 783 3216 abhorret,
808 3169 868 3204 curn
889 3154 926 3203 sit
953 3151 1097 3204 manifesta
1115 3150 1252 3219 proditio:

167 3231 201 3275 nt
229 3224 345 3295 proinde
363 3225 435 3277 nihil
457 3240 491 3277 ex
508 3224 636 3277 omnibus
655 3223 745 3276 minus
763 3222 933 3275 commissuri
953 3222 1057 3284 simus,
1076 3220 1254 3291 quandoqui-

166 3294 230 3345 dem
243 3311 299 3346 non
317 3295 392 3350 alliud
405 3295 485 3347 nobis
500 3295 650 3349 foediorem
667 3293 808 3347 dedecoris
822 3301 915 3344 notam
932 3291 1068 3344 inusserit
1089 3291 1173 3361 Quod
1190 3286 1277 3344 cnm'

166 3361 206 3417 its
222 3365 273 3428 sit,
288 3374 378 3417 necte
396 3364 442 3417 hic
456 3364 620 3427 deseremus,
637 3372 669 3417 nt
687 3364 736 3416 illc
754 3364 850 3415 iussit:
869 3364 917 3415 sed
930 3380 990 3415 cum
1009 3369 1037 3414 te
1052 3362 1126 3415 domi
1141 3363 1170 3413 in
1189 3369 1251 3415 tuto

166 3436 396 3497 constituerimus,
417 3435 584 3490 recedemus,
602 3434 801 3496 Addebant,ne
816 3434 1036 3503 procrastinaret,
1054 3431 1102 3483 sed
1121 3431 1253 3485 Berrhoe·

166 3521 210 3557 sm
221 3507 308 3575 primo
320 3522 430 3577 quoque
443 3513 567 3577 tempore
585 3506 701 3559 rediret:
722 3505 777 3557 iam
788 3505 861 3557 enim
875 3507 941 3557 sotis
954 3504 1072 3574 liquere,
1090 3503 1196 3555 Cralem
1209 3521 1253 3554 or·

166 3591 213 3627 ms
231 3577 356 3645 cogitare.
393 3578 543 3648 lmperrtor
560 3592 607 3629 eos
624 3576 659 3629 de
678 3575 785 3645 egregia
809 3579 885 3628 inse
904 3574 1071 3627 humanitate
1090 3589 1253 3645 morumque

166 3646 339 3713 ingenuitate
349 3647 578 3721 collaudans‚qno
591 3646 745 3700 suadebant
757 3645 836 3709 redit,
847 3656 959 3716 propter
969 3645 1056 3697 Graiis
1068 3644 1253 3696 mobilitatem
1285 3671 1290 3682 ·

167 3715 241 3768 nihil
268 3731 362 3770 eornm
391 3726 549 3782 exsecutus,
575 3735 644 3789 quae
673 3724 814 3773 statueret
858 3716 914 3786 Qui
941 3724 1019 3767 erant
1038 3713 1253 3767 Thessalonicae

168 3786 288 3849 milites,
312 3795 344 3840 nt
364 3790 554 3857 imperatorem
583 3790 725 3840 recessisse
751 3796 928 3856 aeceperunt,
954 3784 1025 3837 foras
1043 3800 1071 3835 sc
1092 3784 1253 3848 educentes,

167 3855 341 3910 recedentem
372 3860 489 3912 insecuti
521 3867 599 3921 suut,
635 3858 860 3926 impressionem,
892 3864 924 3907 nt
954 3852 1120 3924 apparebat,
1146 3855 1255 3911 lecturi.

168 3929 296 3981 Ceterum
322 3931 393 3981 ciere
412 3946 529 3998 pugnum
549 3946 604 3981 non
624 3927 771 3979 audebunt.
808 3925 910 3978 Eodem
928 3924 972 3975 slic
993 3925 1027 3976 ob
1048 3927 1142 3978 amicis
1161 3925 1252 3977 ‘ihes-

168 3999 289 4050 snlonics
311 3998 441 4069 scriptum
458 4007 515 4060 est,
532 3998 627 4051 endem
658 3997 719 4049 luce
737 3994 929 4066 Apocauchurn
957 3996 1130 4063 septuaginta
1158 3997 1254 4047 Romu·
1306 4007 1317 4020 “

169 4085 265 4121 norum
288 4078 317 4121 et
336 4071 448 4121 Persicis
465 4068 637 4122 subsidiariis
657 4068 763 4119 duabus
783 4073 811 4117 et
838 4067 949 4133 triginta
968 4066 1084 4117 nasibus
1105 4065 1128 4114 T
1131 4064 1254 4116 hessalo·

169 4138 258 4191 nicam
280 4140 435 4209 appulisse:
472 4142 613 4207 Byzantios
638 4140 723 4199 ilem,
756 4135 876 4188 Thracas
902 4144 929 4189 et
956 4135 1120 4188 Macedonas
1146 4137 1252 4205 equites

171 4225 228 4261 non
254 4212 340 4262 multo
363 4220 425 4279 post
449 4217 574 4262 venturos
601 4210 762 4278 exspectari.
799 4208 952 4274 lmperator
969 4206 1069 4257 amicos
1094 4203 1127 4252 sle
1153 4206 1252 4256 nuntio

169 4278 293 4335 laudarit
318 4289 347 4334 et
371 4282 406 4336 acl
431 4281 530 4335 Aulum
549 4281 650 4336 flumen
679 4278 918 4350 appropinquans,
950 4276 1023 4348 quod
1042 4291 1076 4326 cs
1094 4276 1251 4346 largissimis
