2934 4700
614 262 720 329 enm
748 266 803 328 ιιι.
1206 262 1236 348 9

155 413 267 470 &dunt
304 416 439 472 Batataas
468 418 504 470 ab
531 416 699 490 imperatore
716 415 838 490 defletio
856 426 884 472 at
899 415 1044 471 maenio:
1069 414 1130 473 eius
1147 432 1237 472 renu-

154 490 274 544 neratio.
307 487 421 541 Bseitnni
447 501 576 560 satrapae
597 489 763 542 liberalitas.
805 488 862 540 Cur
884 485 1036 556 pranderat
1058 487 1090 539 in
1114 486 1237 541 stracia

151 559 244 626 prima
256 560 316 610 luce
327 558 489 627 Imperator.
526 559 632 612 Cisorae
644 561 720 612 cives
729 555 951 613 maledicentiam
961 568 1137 611 terraemotu
1146 559 1237 616 luunt.

153 628 235 680 Muri
258 626 495 700 reaedificantur,
522 629 621 699 quibus
637 630 768 698 perfectis
784 626 824 681 ad
839 628 1024 697 pertinaciam
1042 625 1160 681 redeunt
1170 629 1238 697 (76).

152 700 276 767 Magnus
291 696 349 748 due
366 700 466 750 iterum
484 701 570 770 copiis
587 699 769 768 praeficitur.-
792 700 1013 752 Cantacuaenum
1029 710 1148 751 conatur
1160 700 1239 752 occi-

152 763 229 819 dere.
255 768 372 821 Muttine
385 769 512 829 litterae,
528 770 606 822 illius
619 771 759 830 minaces,
779 767 861 819 liuius
878 768 1112 837 exprobratoriae.
1148 775 1238 839 Argu·

153 838 198 888 tia
224 838 256 888 in
274 855 342 890 uoce
367 840 454 890 οἰκία,
498 839 610 891 Det-isio
636 842 724 900 senis,
751 849 782 890 ut
805 838 929 895 imbellis.
963 837 1046 891 iuxta
1073 841 1238 907 Byzantium

152 906 300 959 Persarum
317 910 440 960 vastatio
452 909 552 977 seruet·
588 906 865 980 Apoaoueisifostus.
903 907 986 961 Urbes
1004 909 1140 961 Thraciae
1156 926 1240 978 prae·

153 989 199 1029 ter
216 975 287 1029 duas
305 995 333 1030 se
354 976 467 1036 dedunt.
507 980 685 1047 Imperatoris
707 983 739 1030 in
764 979 875 1031 illorum
895 978 1044 1050 praefictis
1065 976 1240 1032 dimittendis

153 1046 315 1099 humanitas
342 1060 369 1099 et
393 1049 557 1102 iileraiitas.
603 1049 782 1120 Comparatio
799 1050 877 1100 inter
894 1049 1118 1101 Cantacuzenum
1137 1061 1164 1100 et
1188 1067 1242 1102 ar·

154 1116 274 1168 clausas
295 1117 360 1185 (77).
406 1117 490 1171 Urbes
516 1117 556 1171 ad
580 1119 695 1172 Pontum
715 1122 871 1190 imperator
894 1119 1010 1184 infestas
1026 1117 1114 1171 labet
1150 1121 1241 1174 Amici

154 1203 216 1240 eum
235 1184 442 1257 Adrianopoiin
463 1202 616 1246 accersunt.
651 1190 757 1241 Eorum
775 1189 898 1240 stultitia
916 1201 943 1241 et
956 1205 1072 1257 menae.
1114 1188 1241 1260 Impera-

153 1259 213 1309 tria
222 1256 315 1310 uelem
332 1272 481 1327 recuperat
524 1259 651 1320 Mummi,
669 1257 828 1329 Apoaaucisi
842 1256 934 1328 filius,
952 1258 1112 1330 praelectus
1123 1256 1241 1325 deficit.-

156 1327 299 1397 accipitur
320 1328 355 1380 ab
375 1327 544 1397 imperatore
564 1329 683 1398 benigna
705 1342 733 1382 et
750 1329 915 1382 honoratur.
948 1331 1018 1381 Acta
1036 1326 1112 1397 apud
1127 1331 1244 1395 Bizyans

154 1398 224 1465 (78).
260 1403 359 1450 Amaas
376 1398 459 1450 Persa
478 1400 581 1452 sonitem
599 1399 638 1453 ad
653 1400 720 1469 Imp.
743 1396 921 1451 occidendum
939 1398 1119 1452 subornatum
1135 1398 1242 1469 prodit,

156 1483 238 1537 quem
259 1468 309 1520 ilie
331 1467 446 1520 liberum
471 1467 593 1522 dimittit.
637 1469 782 1536 Bizyenses
797 1486 825 1521 sa
844 1468 968 1521 tradunt.
1002 1473 1100 1521 Annae
1118 1470 1243 1538 impera-

158 1536 228 1590 trici
251 1549 277 1590 et
295 1537 364 1609 filio
381 1540 459 1600 eius,
478 1537 578 1593 deinde
600 1540 796 1592 Cantacueeno
813 1551 840 1590 et
857 1541 942 1591 uxori
961 1552 993 1592 ut
1009 1539 1076 1608 imp.
1093 1540 1195 1605 Biayae
1214 1551 1243 1593 at

158 1606 232 1659 aliisi
253 1608 441 1668 acclamatur,
466 1612 640 1680 omniumque
665 1611 766 1662 mentio
796 1609 828 1660 in
850 1609 941 1662 sacris
958 1621 1119 1676 usurpatur.
1155 1610 1242 1662 Plura

157 1674 262 1747 oppida
281 1694 309 1728 te
327 1676 486 1730 subiiciunt.
523 1679 626 1748 Biayae
635 1682 811 1749 praefectura
821 1680 951 1731 Munatii
963 1680 1050 1731 Aseni
1062 1676 1153 1733 datur.
1171 1680 1241 1732 Pro·

64 1786 69 1797 .
155 1749 315 1800 tostrataris
333 1760 558 1821 caeterorumque
575 1748 740 1819 Apocaucisi
758 1751 910 1800 amicorum
927 1749 1082 1803 miserrima
1107 1747 1243 1803 conditio.

156 1816 322 1887 Apocauclsi
342 1830 434 1880 astus,
460 1837 515 1888 quo
540 1820 675 1891 ignaviae
703 1818 860 1889 opinionem
884 1821 978 1873 vitare
1001 1816 1145 1882 studebat,
1169 1820 1242 1873 saise

156 1885 298 1940 irridetur
319 1890 478 1960 acriterque
504 1891 683 1959 vituperatur
703 1891 770 1959 (79).
805 1889 909 1952 Fraus,
935 1889 1085 1957 impostura
1099 1903 1127 1943 et
1144 1889 1244 1960 nequi·

158 1960 201 2010 tia
210 1955 406 2019 admirabilis,
429 1976 485 2029 qua
503 1957 574 2012 idem
593 1960 772 2028 Apocauclsus
785 1959 920 2013 Gabalum
938 1959 1001 2011 vita
1015 1961 1132 2029 privare
1149 1961 1242 2014 enisus

158 2040 200 2080 est
218 2029 282 2091 (80)
320 2026 459 2081 &charnu
473 2029 666 2082 Cantacuaeno
682 2047 710 2083 se
728 2028 866 2095 adiungit„
909 2029 997 2097 Copta
1011 2027 1052 2080 ad
1059 2029 1174 2082 Pontum
1185 2031 1244 2082 ali·

157 2109 229 2170 quot
242 2095 355 2166 oppida.
389 2098 526 2151 Somnium
535 2100 685 2159 Manuelis,
701 2099 835 2169 fiiiilmp.
872 2099 1003 2152 Veniente
1014 2096 1053 2149 ad
1064 2099 1156 2153 urbem
1167 2101 1245 2152 Can·

158 2179 309 2229 tacuzeno,
327 2167 486 2235 Apocauelsi
493 2167 637 2220 timiditas.
667 2173 746 2238 'Ager
755 2171 938 2235 Byzantinus,
948 2171 1094 2226 miserante
1107 2171 1186 2239 Imp„
1195 2166 1245 2223 da-

159 2248 296 2290 vastatur
319 2237 384 2306 (81).
429 2239 562 2291 Gaiatnei
584 2255 695 2291 causam
715 2251 743 2291 et
759 2241 895 2308 originem
914 2238 981 2292 helii
997 2238 1078 2291 huius
1097 2242 1247 2291 sciscitan-

160 2318 228 2360 tur.-
245 2305 346 2378 quibus
362 2324 379 2357 a
392 2300 534 2378 principio
547 2321 649 2361 narrat
667 2310 760 2362 omnio
782 2310 859 2391 imp,
876 2318 907 2359 ut
932 2324 960 2361 se
977 2309 1150 2362 innocentem
1167 2321 1248 2362 teste·

160 2392 220 2432 tur.
255 2378 296 2430 De
315 2374 461 2431 advocatis
476 2383 540 2432 item
558 2380 702 2432 Persarum
719 2380 838 2432 auxiliis
854 2396 882 2431 se
899 2374 1023 2446 defendit
1037 2378 1103 2448 (aa).
1144 2383 1249 2448 Aregus

100 2448 105 2457 '
161 2445 315 2501 monachus
331 2447 440 2517 legatus
458 2452 535 2501 omni
554 2449 635 2521 culpa
654 2450 720 2502 belii
740 2468 800 2503 eum
818 2448 944 2501 absoluit.
980 2448 1053 2501 Eius
1070 2447 1248 2517 prudentiam

161 2515 264 2572 iaudat
276 2516 354 2587 Imp„
373 2515 407 2570 da
418 2518 592 2572 adversariis
605 2521 808 2589 conqueritur:
825 2520 851 2571 si
869 2536 897 2569 se
913 2518 1108 2588 imperatorem
1121 2532 1149 2571 et
1164 2519 1249 2572 colle·

161 2606 226 2658 gam
249 2604 306 2639 essa
326 2588 439 2650 sinant,
467 2587 544 2661 quod
551 2589 686 2658 facturus
704 2592 741 2641 sit
757 2591 857 2659 aperit.
890 2591 974 2641 Amor
990 2588 1087 2642 inrem
1100 2588 1250 2659 publicam·

164 2658 270 2726 Quilus
288 2657 497 2711 conditionibus
514 2657 644 2711 abdicare
666 2677 695 2711 se
712 2661 828 2730 imperio
845 2658 914 2711 velit
930 2659 998 2726 (83).
1036 2664 1141 2728 Aregus
1158 2660 1252 2713 orati·

165 2745 245 2780 onem
263 2725 453 2780 commendat:
474 2726 549 2781 dicta
561 2730 723 2797 Byzantium
739 2731 903 2783 renuntiare
913 2727 1033 2781 iubetur.
1069 2728 1253 2799 Apocaucltus

167 2816 247 2850 arma
268 2810 295 2849 et
311 2811 380 2849 uota
396 2797 508 2853 indicit.
546 2796 688 2866 Quaedani
703 2817 739 2868 op
758 2798 806 2851 ida
827 2800 862 2851 ais
881 2800 1051 2867 Imperatore
1077 2800 1251 2871 subiguntur·
1305 2829 1309 2844 ·

166 2866 294 2937 Epistola
305 2869 465 2938 Apocauciii
484 2878 511 2920 et
547 2868 707 2922 atriarcisaa
742 2868 954 2922 ealdicatione
966 2870 1152 2938 Imperatoris.
1185 2876 1254 2923 Ara·

165 2955 219 3007 gns
240 2955 338 3006 praece
363 2935 492 2991 indoctae
513 2886 662 2992 diuitem.
699 2940 769 2991 Bam
788 2940 943 3011 imperator
965 2939 1061 2993 italice
1082 2942 1254 3010 interpreta-

165 3021 234 3060 tur.-
250 3008 329 3061 amlo
346 3007 553 3061 stomachantur
568 3008 634 3077 (84).
669 3009 849 3080 Apocaucitus
865 3008 981 3081 frustra
997 3010 1161 3079 Empyriten
1178 3008 1254 3062 obsi·

164 3076 231 3131 det:
250 3079 281 3128 in
298 3079 431 3145 portoriis
449 3077 591 3148 exigendis
610 3076 685 3131 niisii
705 3082 901 3148 consequitur:
919 3076 952 3128 ab
974 3079 1077 3132 aulicis
1093 3079 1254 3147 proceribus

164 3146 376 3200 dissimulanter
397 3147 539 3202 irridetur.
588 3153 693 3217 dragus
719 3148 759 3200 ad
781 3150 858 3201 ilium
883 3149 1033 3200 contemnit
1052 3147 1199 3202 accedere:
1219 3144 1254 3201 ds

166 3218 344 3287 impietateet
361 3216 546 3287 imprudentia
568 3232 701 3271 accusat.-
728 3218 929 3287 imperatricem
946 3217 1117 3287 Imperatori
1131 3229 1255 3271 excusat·

165 3288 326 3355 imperator
342 3288 458 3356 infestus
476 3290 638 3356 Byzantium
650 3289 768 3341 veniens
794 3287 905 3345 recedit.
940 3285 1140 3352 Adrianopoiis
1156 3300 1184 3341 et
1198 3287 1256 3342 ati·

169 3369 238 3426 quot
254 3358 378 3426 finitima
388 3356 489 3428 oppida
500 3360 532 3409 in
546 3370 708 3426 potestatem
727 3356 887 3413 concedunt.
925 3359 993 3410 Cum
1004 3356 1093 3410 tribus
1100 3354 1255 3420 dedititiis,

168 3443 288 3494 quorum
305 3425 361 3480 duo
378 3430 531 3496 promoti,
550 3428 620 3497 quid
639 3441 729 3479 uatum
747 3430 814 3497 (⁸5).
861 3432 954 3496 Quare
966 3429 1094 3480 Amurius
1113 3424 1153 3480 ad
1169 3429 1255 3497 irnpe-

169 3508 293 3548 rutorem
316 3515 374 3548 non
399 3497 522 3552 redierit·
570 3498 705 3551 Concessu
723 3498 876 3553 Sarclanis
890 3516 941 3568 per
959 3497 1093 3564 lydiam,
1117 3496 1181 3551 inde
1205 3513 1257 3566 per

169 3566 375 3637 Hellespontum
393 3568 503 3620 transit.
540 3568 686 3619 Persarum
701 3569 732 3621 in
751 3568 885 3622 Moesiam
902 3568 1051 3636 impressio.
1085 3567 1255 3622 Momitzilus

170 3636 329 3704 cum'porte
346 3640 484 3690 exercitus
501 3635 545 3690 itti
561 3636 705 3696 caeditur.
735 3639 846 3711 reliqua
865 3655 898 3690 ca
919 3639 983 3695 itur.
1017 3638 1171 3708 imperator
1186 3639 1255 3690 illa·

173 3707 283 3761 stimat.
318 3708 487 3760 Momiteilus
504 3708 640 3760 isusnunoe
653 3708 792 3778 ‘fisrtunoe
803 3657 960 3773 eumedium.
996 3709 1256 3761 Xantisicnsessuo·

174 3777 395 3845 rumfisnert'Bus
413 3779 523 3839 lucent:
543 3778 635 3828 uriam
654 3777 780 3830 tradunt.
817 3780 848 3829 1n
867 3778 1016 3831 Momitaili
1039 3780 1182 3844 coniugem
1200 3778 1255 3830 im·

172 3848 310 3914 peratoris
338 3848 482 3901 clementia
505 3846 570 3906 (86).
615 3851 724 3901 CraIem
745 3861 775 3900 ut
790 3845 982 3917 ¹fisedifragum
1006 3848 1105 3900 ulcisci
1122 3846 1256 3900 decernit.

173 3914 310 3968 Pheraeos
336 3918 455 3971 domani
479 3917 519 3970 ad
539 3916 719 3983 rlefectionem
746 3919 897 3987 impellunt.
943 3919 1071 3969 Minatur
1099 3919 1197 3978 Graii,
1224 3918 1257 3970 ni

174 3984 273 4038 Pieris
295 3986 469 4040 abscedat'et
484 3987 606 4057 foedera
625 3989 736 4040 viciare
755 3988 871 4040 desinat.
907 3989 1077 4055 imposturae
1097 3986 1258 4047 Apooauciii

176 4068 347 4123 repetuntur·
385 4059 575 4111 Continentem
598 4058 757 4127 relinquere
778 4058 896 4110 statuit:
922 4059 1053 4124 tyrannis
1078 4060 1138 4110 eius
1155 4060 1185 4108 in
1203 4058 1257 4121 By-

176 4126 292 4177 aantios.
327 4128 370 4180 De
389 4145 516 4190 carcere,
533 4129 770 4198 queminpuiatio
789 4128 967 4180 Constantini
979 4126 1129 4201 aedificare
1147 4142 1259 4196 aggres-

177 4211 221 4249 sus
245 4209 295 4254 est.
338 4195 508 4268 Affinitatem
535 4200 720 4269 imperatricis
740 4217 791 4270 per
807 4198 895 4273 pilius
912 4200 1024 4270 nuptias
1041 4216 1102 4252 aum
1119 4193 1177 4252 eius
1188 4194 1257 4268 filio
