2934 4700
243 283 322 372 150
632 311 911 381 menteomni

91 470 156 529 Le.
168 467 308 546 ritrrsoic
327 469 453 554 ἐδέησεν
473 459 522 549 άν,
543 467 620 553 πρὸς
640 465 698 553 τήν
717 464 912 553 ἐπιχείρησιν
928 467 1165 552 συναιρνμίνης,
1186 465 1240 531 καί
1258 464 1316 552 φί-

238 571 302 632 λων
319 569 381 632 τῶν
399 565 617 652 γνησιωτάτων
632 563 769 648 μάλιστα
789 565 843 629 καί
860 568 975 649 πολλής
994 567 1203 649 παρασκευῆς,
1223 562 1255 641 ἐξ
1275 554 1314 649 ἦς

238 659 297 730 σόκ
316 666 398 749 ἐνήν,
421 667 452 729 εἰ
467 660 513 748 μή
533 664 607 740 τούς
627 662 773 747 πολλοός,
794 657 875 728 άλλά
896 664 1017 747 τοόςχε
1032 661 1312 747 ἐπιτηδειοτάτους,

143 766 172 822 Ρ.
180 768 231 840 4²7
239 762 282 849 μή
304 760 360 848 τήν
381 759 520 829 διάνοιαν
542 761 833 845 καταστοχάζεσθαι
853 766 917 828 τῶν
938 763 1135 847 γιγνομένων.
1175 762 1206 826 εἰ
1217 763 1253 826 ee
1265 763 1313 836 τίς

235 888 269 928 τι
295 865 434 929 τοιοῦτσν
452 860 727 947 ἐξελέγχεινέχει,
749 864 870 948 παρίτω
890 866 946 926 καί
965 859 1122 930 δεικνύτω.
1164 855 1233 926 ἄλλ’
1255 855 1335 932 οόκὸ

235 954 277 1026 άν
304 959 384 1047 ἔχοι.
432 960 493 1047 ἐγώ
523 961 582 1047 γάρ
604 962 736 1049 οἷνδρίας
752 965 812 1044 μὲν
829 964 885 1028 καί
902 966 1056 1039 συνέσεως
1076 964 1133 1027 καί
1149 962 1312 1047 ἑμιιειριας
1364 1035 1376 1047 1

234 1060 291 1145 τῆς
309 1059 385 1148 πρὸς
411 1059 486 1137 τεός
513 1062 667 1143 πολέμιος
686 1066 810 1137 πολλοῖς
831 1054 871 1126 άν
890 1058 1159 1147 παραχωρήσαιμι
1178 1059 1233 1124 καί
1249 1060 1313 1123 τοῖν

235 1155 331 1225 πάλαι
357 1157 414 1226 κατ’
440 1164 503 1227 τοῖν
529 1165 605 1242 νῦν,
638 1156 764 1246 τρόπων
799 1161 835 1224 δὲ
870 1160 1043 1243 εὐθύτητος
1076 1157 1131 1223 καί
1161 1152 1313 1242 ἀληθείας

236 1258 357 1324 ον’δενί·
398 1253 445 1336 οἷς
463 1258 601 1341 μάλιστα
628 1258 698 1323 νυνὶ
724 1257 892 1345 θαρρήσας
916 1252 1178 1345 παρ’ῥησιάζομαι
1203 1258 1313 1322 τοιαῦ-

235 1382 289 1424 τα.
338 1360 370 1424 εί
394 1357 434 1444 δή
462 1356 497 1423 ἔκ
515 1381 549 1422 τε
577 1349 622 1424 τόν
639 1353 923 1444 ἐπραγματευόμην
945 1352 1049 1438 αότός,
1071 1355 1106 1423 ἔκ
1123 1380 1158 1422 τε
1177 1358 1240 1422 ταῖν
1258 1352 1305 1421 τόι
1317 1377 1361 1424 ιο

236 1451 362 1524 ἅπαντα
381 1454 494 1544 χρόνον
514 1455 672 1523 συνόντων
692 1458 783 1539 ὑμῶν
803 1458 885 1538 treet,
905 1456 984 1541 μήθ)
998 1455 1218 1534 ὑποπτευθεὶς,
1235 1450 1314 1540 μήτε

235 1557 438 1641 εἰργασμένος
458 1558 609 1644 φαίνομαι
629 1549 673 1622 ὧν
692 1553 906 1642 κατηχόρημαι
925 1557 1041 1641 μηδὲν,
1070 1556 1128 1620 ortu
1147 1546 1186 1621 άν
1204 1578 1251 1630 τις
1272 1549 1314 1619 sis

235 1652 309 1735 ἐμοὶ
328 1654 455 1731 δικαίως
474 1656 630 1739 ἐπενέγκαι
648 1659 788 1738 μέμψιν,
818 1653 862 1730 ὥς
883 1652 921 1718 αὖ
941 1651 1157 1741 προσηκόντως
1176 1651 1253 1738 πρὸς
1271 1650 1311 1718 τά

234 1747 431 1837 πραττόμενα
450 1754 624 1843 ἐξαγομένη
644 1752 723 1839 πρός
743 1752 847 1839 σ’ργήν.
890 1750 956 1818 ἔδει
975 1753 1036 1839 γάρ
1062 1754 1230 1836 βασιλίδα,
1258 1749 1314 1816 τόν
1462 1833 1463 1848 ρ

211 1869 272 1921 Βτε
298 1848 415 1937 τρόπον
442 1851 514 1934 ipsos*
529 1849 581 1918 τόν
600 1854 734 1939 ε’ξαρχής
754 1852 797 1929 οἷς
823 1855 861 1918 οὕ
881 1855 1112 1940 διεφθαρμένος
1130 1853 1359 1920 συνειδυῖανεῖνΙ
1462 1857 1463 1928 i

235 1950 291 2013 soi
315 1946 372 2035 τήν
392 1951 470 2031 ἐμοῦ
492 1952 547 2016 καί
564 1956 719 2035 βασιλέως
739 1954 955 2037 άπαράμιλλον
974 1952 1092 2035 ἐκείνην
1111 1949 1168 2016 καὶ
1185 1953 1313 2030 θαυμα-

234 2045 384 2132 σιωτάτην
404 2052 514 2135 φιλίαν
532 2048 589 2116 καὶ
604 2049 662 2136 τήν
682 2048 763 2133 μετά
783 2048 841 2135 τήν
860 2051 976 2116 ἐκεινου
997 2045 1142 2133 τελευτήν
1151 2047 1231 2134 ὑπὲρ
1246 2051 1312 2113 τῶν

233 2146 355 2211 bertoo
380 2149 503 2213 παίδων
530 2147 587 2214 καί
607 2149 704 2236 αδτής
733 2147 850 2234 πολλήν
878 2146 1018 2231 σπουδήν
1037 2148 1092 2212 καί
1109 2147 1312 2232 προθυμίαν,

110 2291 122 2318 .
232 2246 279 2327 μή
308 2247 519 2332 συκοφάνταις
546 2246 726 2335 ἆνθράπυις
749 2250 806 2314 καὶ
828 2244 1016 2335 διεφθορόσι
1035 2249 1222 2327 πείθεσθαι,
1241 2239 1312 2310 ἄλλ’

234 2345 309 2427 ἐμοί
325 2345 492 2431 προσέχειν
511 2349 617 2434 ὀρθῶς
637 2350 692 2415 καί
711 2352 839 2424 δικαίως
858 2346 940 2433 ὑπὲρ
961 2340 1058 2432 ου’τής
1072 2349 1359 2434 πολιτευομένῳ.κο

233 2445 304 2509 ἐπεὶ
331 2446 367 2511 δὲ
392 2444 548 2527 βάσκανός
573 2469 621 2521 τις
652 2448 775 2528 δαίμων
793 2451 855 2512 τοῖν
874 2447 1089 2530 ἑξητασμένων
1110 2444 1163 2508 ἐπὶ
1183 2447 1310 2532 φθορᾷ,

232 2540 271 2606 τά
300 2546 360 2626 μὲν
379 2543 484 2628 ἀληθῆ
504 2543 559 2608 κατ’
576 2546 685 2610 δίκαια
706 2546 781 2630 περὶ
798 2547 880 2627 ἐμοῦ
899 2550 1070 2611 πεπεῖσθαι
1089 2543 1145 2607 onix
1166 2543 1308 2628 άφήκεν,

233 2641 353 2727 ἐχθρὸν
372 2644 409 2707 δὲ
430 2636 500 2706 cirre*
519 2641 612 2727 φιλου
633 2641 688 2708 καὶ
705 2645 854 2727 πολέμιον
873 2642 947 2710 α’ντί
968 2640 1139 2726 συμμάχου
1160 2646 1215 2707 καί
1230 2639 1309 2708 δόσ-

299 2847 466 2918 ensesue
483 2851 513 2902 Ρ.
587 2867 626 2903 ιι.
643 2849 714 2920 μήτε
732 2848 964 2908 tremescere.
1039 2853 1078 2906 ιδ.
1097 2849 1264 2905 συνειδυῖαν
1279 2848 1307 2904 Ρ.

229 3047 272 3094 ret
288 3040 432 3111 coiligere,
459 3040 528 3114 quid
545 3042 598 3094 sibi
617 3041 739 3106 vellent,
765 3058 835 3113 quae
852 3045 958 3101 flerent.
992 3042 1022 3095 Si
1041 3043 1102 3113 quis
1124 3044 1180 3098 tete
1199 3043 1307 3114 aliquid

226 3112 343 3181 probare
360 3119 468 3181 potest,
494 3113 605 3166 accedat
621 3114 687 3166 licet
703 3121 732 3168 et
749 3112 854 3184 probet
890 3114 927 3165 At
943 3129 999 3165 non
1024 3112 1134 3182 poterit.
1168 3114 1305 3184 ‘Equidem

227 3200 282 3253 que
300 3181 482 3246 fortitudine,
510 3201 565 3254 que
589 3184 734 3252 prudentie
761 3199 847 3256 nsque
872 3183 1003 3246 militari,
1027 3192 1056 3236 et
1081 3187 1249 3251 superiorum
1278 3192 1307 3238 et

226 3254 314 3306 nostri
331 3256 434 3305 saeculi
457 3254 551 3306 multis
570 3255 762 3307 concesserim:
788 3251 911 3324 probatis
932 3261 1022 3305 nutem
1044 3254 1165 3306 moribus
1183 3271 1215 3306 nc
1231 3256 1305 3305 veri·

226 3324 292 3375 tetis
310 3322 403 3375 studio
422 3324 544 3391 nemini;
565 3323 666 3392 quibus
685 3327 857 3393 potissimum
875 3323 1098 3387 nuneeontisus,
1124 3321 1192 3375 haee
1217 3323 1305 3376 libere

226 3409 286 3445 sum
308 3391 474 3463 prolocutus.
511 3393 540 3444 si
568 3393 652 3462 igitur
676 3411 765 3466 neque
788 3409 822 3446 ex
845 3393 904 3457 his,
929 3409 1000 3466 quae
1025 3395 1083 3462 ipse
1109 3394 1212 3448 efficere
1238 3410 1306 3445 con-

226 3461 319 3524 tendi,
343 3478 436 3531 neque
453 3478 488 3516 ex
509 3462 608 3529 vobis,
628 3465 677 3535 qui
700 3481 806 3519 mecum
831 3480 936 3533 semper
958 3465 1067 3527 fuistis,
1093 3463 1138 3516 vel
1163 3471 1304 3533 suspectus

225 3530 270 3585 tel
287 3547 348 3584 reus
367 3547 462 3585 eorum
481 3531 593 3597 videor,
619 3550 735 3604 querum
753 3536 783 3586 in
808 3551 851 3587 me
869 3532 998 3590 adornate
1016 3540 1058 3585 est
1074 3537 1227 3599 accusatio,
1251 3549 1304 3589 ne·

225 3616 270 3652 mo
293 3618 336 3655 me
362 3602 421 3654 iure
445 3601 644 3672 reprehendet,
677 3606 756 3676 quusi
778 3604 880 3658 iniuria
905 3622 988 3675 super
1013 3603 1057 3656 his
1080 3604 1161 3658 rebus
1188 3621 1305 3657 sussen-1

224 3685 306 3724 seem.
342 3671 465 3724 Decebet
484 3673 557 3726 enim
576 3675 740 3743 Augustum,
766 3681 865 3728 testem
882 3673 917 3726 ab
935 3676 1016 3728 initio
1043 3676 1207 3743 integritatis
1224 3689 1303 3728 urere

225 3742 346 3805 eteius,
369 3758 440 3812 quse
463 3742 532 3795 nihi
549 3760 611 3796 cum
628 3746 793 3815 imperatore
815 3746 982 3811 intercessit,
1007 3746 1180 3799 inimitabilis
1199 3754 1229 3799 et
1250 3744 1302 3797 ed·

222 3811 368 3866 miratione
385 3811 558 3885 dignissimae
576 3815 712 3870 amicitiae
731 3822 763 3870 ec
778 3823 841 3887 post
858 3817 964 3869 obitum
982 3817 1057 3870 illius
1075 3833 1125 3887 pro
1147 3816 1210 3869 filiis
1229 3817 1303 3885 ipsa·

224 3897 278 3953 que
295 3899 419 3936 curarum
443 3901 564 3939 mearum
585 3891 615 3937 et
636 3886 673 3939 im
694 3888 768 3956 igme
785 3886 981 3947 solicitudinis,
1010 3902 1066 3938 non
1089 3884 1199 3939 eredere
1222 3902 1304 3956 syco-

222 3950 334 4020 phantis
357 3955 544 4025 perversisque
570 3904 742 4025 homiuiEus3
770 3956 817 4010 sed
842 3975 858 4010 e
885 3974 927 4010 me
951 3956 1072 4027 legitime
1097 3964 1225 4026 recteque
1249 3973 1302 4026 pro

222 4023 282 4092 ipse
299 4025 441 4092 imperium
466 4035 591 4096 regente,
617 4029 737 4079 rationes
761 4044 823 4079 sues
848 4044 991 4097 suspensas
1016 4024 1126 4081 habere
1161 4025 1197 4077 At
1221 4033 1303 4093 post·

221 4110 302 4164 quun
321 4095 436 4146 deernon
454 4097 589 4167 quispiam
601 4096 708 4149 invidus
727 4105 756 4151 et
773 4099 803 4149 iu
820 4098 942 4167 pernicie
959 4097 1112 4152 invehenda
1128 4094 1303 4160 exercitatus,

219 4179 284 4217 vere
296 4172 325 4216 et
344 4166 417 4220 iusta
434 4165 469 4219 de
485 4183 527 4219 me
545 4165 654 4220 credere
670 4184 728 4235 nou
743 4168 808 4220 sivit
823 4170 963 4238 magisque
978 4169 1118 4220 inimicum
1136 4179 1185 4235 pro
1203 4167 1302 4233 emico,

219 4231 327 4290 hostem
344 4253 394 4307 pro
411 4239 485 4292 socio
512 4244 541 4294 et
557 4237 722 4294 malevolum
738 4255 787 4312 pro
805 4238 962 4311 fideliuimo
986 4239 1140 4294 existimare
1156 4238 1303 4309 persuasit,
