2934 4700
551 286 659 351 nem
688 288 746 349 ΙΙΙ.
1170 283 1215 340 ῙἹ

140 433 336 495 llonomaeletls
352 431 392 488 od
410 432 520 502 eudem
539 437 717 508 imperatoris
729 435 909 498 subornatus,
933 435 1105 491 monentibus
1126 432 1222 489 amicis

139 503 359 578 deprehenditur.
400 508 442 562 De
465 508 632 582 efficacitate
655 508 758 561 veneni
772 506 807 561 ot
831 526 864 562 eo
881 508 977 577 parati
999 504 1118 559 historia
1140 518 1221 558 nota-

139 581 210 634 bilis.
254 579 377 646 Zproces
399 589 427 631 et
450 581 638 635 Placeolatus.
661 577 695 632 ds
716 576 782 630 urbe
809 576 947 631 tradenda
967 593 1026 630 cum
1054 578 1222 645 Imperatore

139 660 234 719 agunt.
279 648 503 719 Mictoeepbalus
522 650 557 706 ab
591 649 635 702 leis
660 648 815 714 Selybriam
840 647 892 702 leac
917 645 951 702 ds
979 665 1065 702 causa
1084 648 1222 708 mittitur,

139 738 215 802 quem
242 714 394 771 Archontes
420 718 512 776 eodem
533 721 566 773 ob
591 720 678 776 aliam
698 735 810 773 eausam
829 719 940 770 mittunt
955 719 1023 790 (97),
1057 718 1150 779 ilatio,
1171 733 1222 770 cut·

139 790 303 859 imperatris
320 791 403 840 Anna
419 809 437 843 a
448 790 613 862 patriarcba
626 790 770 851 alienata,
787 789 842 840 alte
861 788 988 859 repetita.
1021 786 1152 841 Eiusdem
1166 803 1221 856 pa·

135 859 280 915 triarelsae
297 859 387 931 fist-or
407 861 438 913 in
460 860 628 915 damnandis
651 856 855 931 puniendisque
885 857 1036 927 episcopis,
1073 876 1093 909 a
1122 858 1223 930 quibus

135 929 211 1000 apud
227 931 423 999 Imperatorem
449 945 603 984 accusatur.
645 927 773 999 Synodus
795 929 826 981 in
842 929 979 1001 palatium
999 925 1136 981 indicitur
1151 930 1220 997 (98).

135 998 278 1053 Adventus
311 1000 502 1063 Cantacueeni
521 1001 686 1065 Byzantium
710 998 872 1062 nuntiatus,
907 1015 959 1053 nec
978 997 1013 1051 ab
1042 998 1218 1068 imperatrice

136 1069 266 1123 arediuss.
300 1068 392 1121 Dolor
407 1082 434 1124 st
447 1068 607 1124 sollicitudo
624 1071 814 1123 Cantaeueeni
830 1069 864 1124 de
887 1067 999 1130 amiam,
1024 1085 1059 1122 ne
1073 1067 1222 1122 discrimen

135 1138 266 1193 odierirst.
287 1139 398 1192 Portam
413 1157 525 1194 auream
535 1138 697 1213 perfisdiunt
709 1137 749 1193 ad
761 1141 921 1210 ingressum.
950 1138 1118 1192 Patriarclsa
1130 1135 1222 1209 gradu

135 1222 267 1264 movetur.
305 1209 516 1263 Cantacuzenus
532 1229 591 1265 cum
609 1213 710 1281 plausu
730 1211 830 1283 populi
851 1210 945 1263 urbem
966 1210 1064 1263 intrat.
1099 1208 1222 1280 Impera-

136 1281 191 1333 tris
205 1280 345 1352 palatium
373 1283 536 1334 communite
566 1280 716 1334 Galataeos
739 1281 846 1334 auxilio
872 1291 965 1334 vocat.
996 1279 1152 1349 lmperator
1174 1296 1221 1331 ca-

136 1369 193 1405 ram
215 1350 353 1421 episcopie
376 1363 405 1403 et
426 1351 571 1421 primariis
596 1350 630 1404 de
651 1351 727 1405 clero
749 1368 827 1402 suam
854 1368 964 1404 casuum
979 1351 1057 1422 agit:
1081 1347 1121 1404 ad
1137 1351 1221 1420 impe·

135 1421 263 1475 ratricem
280 1421 382 1482 mittit,
404 1422 454 1491 qui
466 1420 580 1481 doceat,
594 1439 676 1494 quam
688 1420 845 1493 periculoso
864 1421 926 1476 loco
942 1422 1001 1474 eius
1021 1438 1065 1473 res
1081 1421 1140 1473 sint
1151 1419 1222 1488 (99).

138 1486 349 1544 commendatur
373 1491 465 1543 virtut
491 1491 677 1561 Imperatoris.
717 1491 885 1561 imperatris
905 1491 1071 1561 legationem
1095 1487 1220 1560 despicit.

137 1561 240 1618 Palatii
253 1572 475 1630 propugnatores
492 1560 670 1615 decetionem
686 1564 821 1632 cogitant.
854 1561 972 1615 loannis
984 1558 1050 1634 filii
1065 1577 1149 1613 suasu
1168 1560 1222 1612 iss·

89 1668 94 1683 .
135 1631 257 1701 peratria
277 1647 306 1682 se
324 1631 490 1702 inperatori
530 1643 701 1685 antacueeno
718 1631 860 1685 submittit.
894 1636 999 1685 Aeones
1016 1646 1094 1684 socer
1112 1629 1222 1700 legatus

136 1702 169 1754 ab
182 1718 214 1753 eo
236 1712 269 1752 ut
285 1700 413 1771 ingratus
430 1702 565 1771 culpatur.
608 1702 747 1764 Palamas,
774 1703 849 1754 alter
864 1702 988 1772 legatus,
1005 1699 1039 1756 de
1059 1701 1221 1755 constantio

132 1768 321 1840 praedicatur.
367 1769 548 1825 Gonditiones
564 1773 644 1842 pacis
668 1782 697 1825 et
719 1771 857 1843 utrimque
880 1772 1046 1825 iuramento.
1082 1769 1221 1823 Cantatu-

133 1857 216 1892 2enus
226 1841 364 1911 palatium
381 1839 541 1912 ingreditur
554 1843 640 1912 (too).
657 1842 714 1895 Hic
727 1843 841 1896 liberat
853 1840 1070 1912 reliquosmolt‚
1087 1842 1128 1893 tic
1139 1859 1223 1909 prae-

134 1912 222 1981 tipuis
244 1908 406 1980 quibusdam
422 1924 449 1966 et
473 1912 590 1966 maaime
609 1910 743 1965 notandis
765 1913 900 1982 capitibus
918 1924 1041 1980 superat.
1080 1911 1149 1964 Sunt
1171 1929 1223 1964 au-

132 1994 184 2034 tem
210 1983 267 2034 ista
284 1980 359 2053 fiere.
400 1982 498 2035 Funus
523 1993 550 2036 et
569 1983 701 2066 exequiae
720 1983 898 2053 imperatoris
923 1980 1079 2035 Andronici
1095 1982 1222 2036 minoris.

132 2049 226 2105 Dolor
248 2063 277 2103 et
303 2049 437 2104 lacrimae
461 2052 646 2123 inperatricis
667 2051 771 2106 uiduae
805 2065 921 2122 propter
938 2051 1144 2106 abdicationem
1160 2071 1223 2106 ma-

152 2122 183 2174 ni
205 2120 370 2185 domestici,
388 2119 562 2194 eiusdemque
591 2120 631 2175 ad
660 2123 772 2193 imperii
790 2122 1062 2177 administrationem
1077 2124 1222 2194 regressio.

132 2138 168 2243 ln
186 2191 340 2242 Sismonum
356 2193 461 2246 exulem
482 2208 515 2245 aa
535 2192 683 2263 supplicem
697 2192 914 2262 Byzantinorum
927 2191 1095 2248 humanitas.
1131 2194 1223 2245 frou·

132 2257 180 2313 des
192 2260 378 2329 inexpiabiles
397 2273 425 2314 et
447 2262 553 2317 sceiere
569 2262 733 2331 Apocouclsi
747 2263 780 2315 in
792 2280 919 2331 magnum
938 2263 1133 2323 domesticum,
1157 2265 1223 2334 qui·

132 2328 180 2384 bus
196 2332 278 2384 illum
304 2330 337 2384 in
354 2349 469 2385 summas
486 2351 567 2407 saepe
593 2330 774 2404 difficultates
801 2351 836 2386 ea
858 2329 971 2384 invidia
992 2333 1122 2386 coniecit.
1165 2333 1221 2387 Pro

133 2402 175 2454 rei
184 2402 315 2471 publicae
329 2401 520 2457 incolumitate
532 2421 551 2455 o
566 2422 666 2488 maffno
683 2403 830 2457 domestico
851 2399 952 2454 induta
965 2419 1100 2472 purpura.
1133 2402 1220 2456 Eius-

132 2469 190 2523 dem
205 2473 293 2525 varia
313 2487 364 2524 nec
384 2474 463 2527 levia
484 2474 651 2540 infortunia.
695 2475 756 2526 Pae
776 2471 811 2526 ab
830 2490 862 2527 eo
872 2472 1104 2545 frequentissime
1150 2474 1220 2526 etita

134 2558 183 2594 nec
199 2544 356 2613 impetrata
391 2548 518 2598 Honores
533 2543 802 2615 magnificentissimi
819 2545 851 2596 in
867 2560 926 2597 eum
947 2561 966 2596 a
983 2543 1065 2596 Crale
1082 2561 1115 2596 co
1139 2545 1181 2596 ati
1193 2556 1221 2597 et

134 2610 250 2665 eiusdem
269 2614 360 2665 crolle
371 2613 503 2685 perfidia.
536 2617 643 2669 Amorii
653 2618 766 2677 Persae,
781 2627 910 2684 satrapae
920 2614 1027 2675 Ioniae,
1040 2614 1217 2684 mirificusoc

134 2694 276 2750 perpetuus
287 2684 316 2735 in
331 2682 550 2737 Cantacueenum
566 2703 644 2738 amor
658 2685 769 2758 eiusque
787 2680 910 2737 iuvandi
920 2681 1038 2736 studium
1053 2685 1218 2737 incitatissi-

135 2769 210 2802 mum.
246 2753 368 2805 Duorum
378 2756 537 2814 mulierum,
550 2755 645 2809 irenes
666 2755 851 2824 imperatricis
867 2764 893 2806 et
915 2755 1040 2807 Helenae
1062 2754 1216 2809 Craloenae

133 2820 279 2889 prudentia
298 2835 325 2875 et
346 2824 568 2894 magnanimitas.
612 2825 738 2893 Diligens
761 2822 905 2876 admodum
924 2835 951 2876 et
971 2824 1069 2877 crebra
1091 2823 1215 2896 defensio

137 2891 327 2946 Caratacueeni
338 2907 436 2946 contra
454 2896 669 2948 calumniatores
690 2893 723 2946 de
740 2912 798 2948 non
805 2894 896 2966 sactis
916 2893 1028 2947 insidiis
1045 2895 1217 2964 imperatrici

135 2978 167 3012 ac·
183 2961 253 3027 filiis
275 2964 334 3015 e‘ius
352 2980 404 3017 nec
426 2962 557 3035 affectata
580 2963 738 3032 tyrannide.
783 2965 834 3019 iles
854 2976 944 3034 gestae
965 2962 1099 3018 adversus
1118 2967 1219 3017 Mami·

133 3030 242 3095 tsilum,
263 3036 376 3104 eiusque
385 3051 480 3105 pugna
496 3045 523 3087 et
542 3036 678 3088 interitus.
716 3034 971 3105 Constantinopolis
985 3053 1003 3088 a
1020 3037 1216 3092 cantoenneno

134 3115 212 3173 copta
232 3113 261 3158 et
275 3104 317 3158 ibi
336 3102 455 3160 eiusdem
473 3105 580 3176 pietas,
602 3103 772 3178 prudentia,
798 3106 943 3179 aequitas,
967 3105 1122 3160 elementia·

479 3276 862 3298 w

204 3528 249 3595 oi.
273 3503 317 3591 T
312 3525 333 3593 d
354 3531 415 3609 μὲν
434 3527 474 3613 δή
496 3531 560 3595 τῶν
574 3526 806 3614 Παλαιολόγων
819 3527 995 3613 βασιλέων)
1019 3524 1080 3596 b'oa
1099 3528 1357 3615 certmst-¹³4¹
1444 3571 1445 3578 κ

131 3627 381 3713 ηςᾶρχῆςπρός
389 3630 543 3711 ἀλλήλους
553 3631 773 3714 διηνέχθησαν,
791 3627 847 3693 nui
854 3624 915 3695 boo
927 3631 1002 3693 καθ’
1010 3626 1123 3694 ἑαυτὸν
1135 3628 1152 3693 o‘
1168 3632 1217 3695 ri·
1226 3650 1253 3701 Ρ.
1265 3643 1317 3713 348

133 3746 165 3800 ος
182 3724 262 3807 μετά
284 3726 319 3793 tb
336 3725 391 3793 ebe
411 3728 623 3815 πρεσβύτερον
643 3732 706 3794 τῶν
725 3725 918 3815 πραγμάτων
937 3721 1061 3794 nomae
1081 3733 1136 3815 τῆς
1156 3732 1316 3822 tio-offis
1444 3769 1445 3824 9

196 3880 222 3933 3.
241 3867 273 3931 eb
292 3879 355 3933 adel.
374 3883 411 3937 bl.

199 4081 223 4117 ι.
257 4021 512 4138 Quemadmodum
532 4071 615 4138 igitur
637 4070 793 4139 palaeologi
813 4071 991 4141 imperatores
1010 4070 1081 4123 inter
1100 4087 1129 4124 eo
1149 4087 1215 4126 con-

132 4132 278 4198 teuderius,
297 4146 325 4189 ot
340 4156 410 4209 quoe
428 4144 571 4210 separatim
586 4142 691 4203 iunior,
712 4150 856 4213 postquem
870 4144 963 4195 senior
978 4142 1093 4212 imperio
1112 4139 1217 4206 abivit,

133 4211 218 4260 weles
235 4205 367 4264 barbares
387 4210 467 4266 semis
481 4214 609 4281 gesserit,
627 4229 682 4285 quo
695 4211 776 4266 modo
794 4212 868 4268 domi
880 4229 986 4284 semper
1004 4210 1214 4283 rempublicam
