2934 4700
461 331 745 417 nrsronssnnro
773 336 902 410 111.7s.
1132 316 1221 419 465

138 490 264 603 :Apsias
290 481 308 549 ῦ
337 484 416 553 sessi
447 491 592 572 Χριστοῦ
611 491 741 571 μανείς,
775 492 832 553 καί
848 486 909 576 πρό
927 494 984 577 τῆς
1002 494 1136 562 συνόδου
1156 502 1370 584 spetlum

138 586 225 666 ιερῖις
246 582 375 669 καὶτῆς
397 587 529 669 ἐκτομῆς
557 592 615 650 τοῦ
643 591 755 651 λοιποῦ
784 591 842 672 τῆς
868 593 1034 675 ἐκκλησίας
1053 596 1221 678 σώματος,

136 684 354 767 ἐπιτετμημένος
383 683 470 770 παρὰ
492 689 572 749 θεοῦ
593 684 803 771 ἀπεκαλύφθη
844 687 901 752 καί
917 693 1042 775 γεέννης
1061 685 1149 771 ῦξιος
1166 694 1224 763 κατ’

135 785 191 864 τῆς
218 784 253 845 έν
281 779 361 868 ᾅδου
388 785 569 868 καταδίκης·
618 775 657 848 όν
684 807 719 847 τε
738 787 840 869 μηδὲν
860 784 1001 853 τοιοῦτον
1021 790 1222 875 εἰργασμένος

118 881 312 965 5φαίνηται,
345 879 426 945 α’λλόι
456 878 564 962 νόμοις
590 884 670 946 θεοῦ
696 885 862 966 προσέχων
891 886 947 950 καί
972 897 1040 964 ταῖς
1060 892 1221 975 ἐντολαῖς,

137 979 176 1042 αδ
189 977 329 1060 μα’λιστα
349 979 443 1060 μέλος
463 974 543 1044 εἶναι
563 984 709 1064 Χριστοῦ
731 986 897 1063 ποιοῦσιν,
929 983 987 1049 οῦκ
1007 981 1046 1050 όν
1066 983 1120 1052 ἐπ’
1141 991 1222 1055 ἐκεί·

135 1098 192 1141 νου
211 1079 400 1162 χωρισθείη,
424 1073 465 1142 όν
485 1077 609 1153 πόθους
629 1081 719 1143 ἕνεκα
742 1080 827 1145 ἰδίου
849 1078 878 1144 οἱ
900 1073 1061 1168 α’ρχιερεῖς
1072 1087 1220 1170 χωρίζω-

135 1199 195 1241 σιν.
235 1173 340 1260 δ’γόρ
370 1178 469 1259 μέγας
487 1174 634 1261 λαμπτὴρ
655 1182 712 1260 τῆς
732 1179 915 1265 οἰκουμένης
932 1178 1077 1269 Ἰωάννης
1098 1183 1116 1249 ό
1135 1202 1243 1271 χρυ-Β

135 1278 212 1349 σοῦς
239 1272 297 1359 την
316 1279 476 1357 γλῶτταν,
510 1279 567 1360 τῆς
586 1275 717 1361 ποίμνης
740 1275 856 1354 (ἐδόιως
875 1274 937 1342 ῦπό
959 1286 1022 1346 τεόν
1040 1281 1220 1351 ἐπισκόπων

100 1374 309 1448 seductuosa
339 1373 395 1440 καί
423 1381 547 1450 πολλοῖς
574 1384 679 1452 κακοῖς
704 1378 941 1461 προσομιλήσας
977 1378 1032 1443 καί
1050 1380 1221 1471 οἰφορισμρῦ

134 1472 191 1535 καί
209 1474 387 1552 οἰναθέματι
409 1469 621 1557 ὑποβληθείς,
643 1474 737 1539 οῦδὲν
758 1470 897 1557 ἐπέβαλε
923 1478 979 1560 τῆς
1000 1476 1107 1562 δόξης·
1149 1479 1219 1545 ἀλλ’

133 1572 249 1646 ἐκεῖνος
271 1572 330 1650 μὲν
360 1574 405 1645 είς
432 1566 487 1634 det
511 1574 644 1659 Χριστῷ
669 1567 793 1637 σύνεστι
813 1572 1096 1659 σννδοξαζόμενος,
1120 1578 1150 1642 οἱ
1168 1579 1220 1643 ἐκ·

132 1666 276 1747 τεμόντες
296 1670 331 1733 δέ
353 1672 473 1750 μᾶλλον
493 1664 626 1744 ἑαυτοός
648 1674 703 1754 τῆς
723 1666 813 1754 δόξης
833 1665 1045 1758 η’λλοτρίωσαν
1058 1678 1116 1741 τοῦ
1127 1678 1219 1757 θεοῦ,

134 1762 245 1853 φθόνιμ
283 1769 340 1830 καί
376 1770 573 1855 συκοφαντιζι
601 1766 657 1831 καί
685 1770 820 1855 διαβολῇ
860 1774 917 1835 καί
949 1779 1093 1860 μυρίοις
1113 1768 1221 1850 ἄλλοις

94 1862 268 1931 ιόπόθεσιν
295 1861 441 1940 ἐκδότους
470 1860 605 1939 ἐαυτοός
637 1864 848 1950 πεποιηκότες.
900 1873 931 1936 τέ
954 1874 1014 1952 μέν
1034 1866 1092 1937 οῦν
1113 1897 1145 1937 τι
1163 1869 1222 1936 καὶ

129 1963 230 2037 ου’τὸς
249 1965 330 2043 ἐμοῦ
360 1967 501 2029 τοιοῦτον
528 1963 596 2045 ἔχει
624 1973 821 2047 κατηγορεῖν,
838 1961 910 2033 ὀἷον
934 1965 1016 2034 εἶναι
1045 1964 1131 2048 ἄξιον
1153 1965 1217 2036 sind

127 2063 207 2124 θεοῦ
223 2059 375 2145 γωριζειν
386 2111 396 2141 ,
426 2065 539 2144 λεγέτω
566 2060 622 2125 κατ’
640 2060 807 2147 δεικνῦσα,
828 2064 885 2129 καί
902 2066 958 2149 τη’ν
976 2090 1011 2131 τε
1030 2070 1212 2153 ἐπιτίμησιν

128 2156 207 2224 σι’σω
241 2155 349 2247 πρᾴως
376 2163 432 2224 καί
461 2160 540 2244 πρός
569 2163 633 2225 eds
662 2160 890 2246 ἡμαρτημένων
918 2161 975 2247 την
995 2165 1216 2251 ἐπανόρθωσιν

127 2261 237 2323 πᾶσαν
263 2259 460 2340 ἐπιδειξομαι
491 2255 641 2342 σπουδήν.
692 2260 723 2322 εἰ
750 2262 779 2324 δ’
808 2262 924 2337 οἰκείας
952 2263 1104 2345 ἀβουλίας
1124 2263 1214 2330 ἕνεκα

85 2360 182 2425 nonos*
210 2356 336 2444 φθόνου
368 2359 424 2422 καί
445 2360 676 2444 συκοφαντίας,
709 2354 760 2423 ότι
783 2358 827 2444 μὴ
850 2363 1008 2445 παρέσχον
1026 2363 1241 2450 soresmos-C

125 2480 192 2521 τειν
220 2453 369 2537 ἐμαυτόν,
393 2455 454 2520 α’πό
477 2457 556 2520 θεοῦ
575 2454 724 2541 χωρίζειν
745 2454 835 2540 ἐγνω,
860 2458 1020 2542 σκοπείτω,
1039 2459 1084 2545 μη“
1105 2461 1146 2525 ου’
1172 2462 1216 2526 δι’

123 2557 206 2636 ἐμοῦ
224 2555 355 2636 μᾶλλον,
378 2548 399 2639 ἢ
418 2550 536 2618 ἑαυτοῦ
554 2552 589 2618 τό
611 2559 701 2640 ξίφος
721 2547 857 2640 ιῦθησεν·
899 2555 938 2620 οῦ
957 2555 1029 2642 γὰρ,
1049 2557 1215 2635 Διονύσιος

116 2652 143 2718 ‘si
161 2654 281 2737 μέγας,
304 2655 458 2734 ἕπεσθαί,
481 2677 580 2740 φησι,
609 2649 643 2717 τό
664 2658 753 2719 θεῖον
773 2663 845 2732 ταῖς
861 2652 1051 2742 παραλόγοις
1070 2660 1134 2723 τιῦν
1154 2658 1215 2744 α’ρ·
1257 2679 1263 2692 ’

197 2824 223 2875 7.
242 2804 273 2856 oi
291 2821 344 2857 om.
359 2808 389 2858 P.
445 2824 483 2878 ιη
504 2805 597 2864 οἰκίας
615 2809 646 2861 Ρ.

121 2924 217 2977 henna
236 2924 440 2994 inferorumque
464 2926 608 2995 suppliciis
635 2926 747 3009 dignum
774 2942 850 2990 esse,
877 2926 1010 2980 divinitus
1039 2924 1212 2982 demonstra·

121 3001 182 3046 tom
201 3002 253 3046 est.
300 2993 330 3047 Si
357 3010 421 3047 vcro
445 2995 518 3048 nihil
546 2996 600 3047 tale
624 2994 721 3048 t'ecrsse
748 3004 852 3048 certnm
879 2999 933 3059 sit,
957 2996 1005 3048 sed
1027 3013 1089 3048 eum
1108 2997 1211 3049 divinis

121 3079 221 3135 perere
249 3066 421 3133 praeceptis,
448 3081 519 3135 qnae
543 3067 661 3119 maxime
681 3064 817 3127 efficiunt,
847 3073 879 3118 nt
898 3065 927 3116 in
945 3065 1074 3118 memhris
1106 3063 1212 3119 Christi

120 3147 312 3196 numeremur,
333 3150 390 3185 non
409 3138 506 3206 ntique
524 3136 559 3186 ab
578 3136 628 3187 iilo
646 3135 828 3205 separabitur,
847 3135 871 3188 si
889 3142 965 3186 motu
983 3134 1077 3205 aliquo
1099 3133 1211 3188 turbido

121 3213 151 3257 ot
166 3222 183 3256 a
211 3203 320 3257 ratione
344 3220 438 3257 averso
471 3206 593 3275 episcopi
618 3205 698 3255 illum
717 3205 840 3257 fidelium
858 3205 1054 3256 communitate
1072 3202 1213 3273 prohibu·

120 3275 203 3326 erint
239 3273 369 3341 Magnum
388 3276 462 3327 enim
479 3275 554 3328 orbis
573 3284 706 3328 terraram
724 3273 828 3337 lumen,
847 3276 962 3326 Ioannes
980 3274 1030 3328 ilie
1041 3277 1102 3342 ‚oris
1123 3272 1215 3336 aurei,

119 3360 172 3414 pes
195 3342 275 3395 nefas
291 3359 316 3394 ‚a
346 3359 424 3414 grege
451 3361 500 3399 suo
525 3345 716 3413 episcoporum
745 3345 884 3397 sententia
909 3341 1005 3415 inique
1030 3343 1160 3413 depulsus
1178 3357 1211 3395 oc

120 3413 251 3484 pluribus
280 3413 397 3466 miseriis
425 3422 536 3484 opertus
564 3422 593 3466 et
618 3413 793 3466 anathemate
814 3430 977 3484 percussus,
1003 3413 1038 3465 de
1057 3415 1142 3483 glorta
1160 3429 1210 3464 sua

121 3496 176 3534 nec
199 3482 289 3533 hilum
315 3484 417 3542 amisit,
464 3485 565 3537 Verum
595 3486 618 3536 is
637 3484 748 3555 quidem
767 3500 828 3535 cum
844 3482 954 3537 Christo
973 3499 1081 3553 semper
1097 3485 1165 3535 vivit
1182 3489 1212 3535 et

122 3566 187 3606 oum
221 3551 317 3604 eodem
347 3552 514 3607 honoratur.-
548 3555 596 3624 qui
614 3563 706 3606 autem
731 3553 810 3606 iilum
833 3554 1024 3606 communione
1049 3553 1210 3616 multarunt,

120 3622 210 3689 magis
228 3628 314 3672 semet
328 3623 400 3692 ipsos
419 3640 435 3675 a
452 3625 504 3678 Dei
522 3623 607 3693 gloria
625 3624 790 3685 alienarunt,
807 3623 924 3688 invidia,
947 3623 1142 3692 sycophantia,
1156 3622 1210 3675 ob-

119 3691 291 3747 trectatione
317 3700 346 3744 et
367 3694 430 3745 aliis
455 3695 567 3760 vitiosis¹
581 3694 769 3758 motionibus,
796 3693 897 3762 quihus
922 3707 951 3743 se
970 3691 1144 3746 subiecerant
1166 3691 1210 3746 rel

122 3762 266 3816 trecentis.
311 3761 377 3828 Ergo
403 3764 427 3814 si
453 3767 513 3834 ipse
538 3765 681 3833 quippiam
702 3763 861 3815 huiusmodi
880 3762 950 3815 mihi
966 3770 1059 3831 potest
1077 3761 1210 3825 obiicere,

144 3832 199 3882 uod
220 3844 265 3882 me
283 3846 299 3879 a
318 3831 375 3880 neo
392 3833 451 3884 iure
472 3842 588 3901 separet,
610 3834 741 3901 proferat,
759 3832 895 3894 ostendat,
913 3838 941 3883 et
959 3847 1076 3900 poenam
1101 3832 1209 3884 modice

121 3850 210 3954 ἐετεια
231 3906 316 3965 atque
338 3899 373 3952 ad
392 3904 610 3956 emendationem
628 3911 802 3969 peccatorum
822 3918 944 3953 meorum
966 3918 1072 3953 omnem
1091 3901 1210 3968 diligen·

122 3970 191 4024 dom
206 3967 348 4022 adhibebo
393 3971 424 4022 Si
442 3981 531 4024 antem
551 3990 598 4024 sua
616 3972 703 4040 ipsius
721 3971 867 4033 dementia,
885 3970 990 4022 invidia
1011 3980 1040 4023 et
1057 3971 1211 4038 sycophan-

121 4040 164 4092 u's
185 4041 327 4098 incitatus,
368 4040 413 4091 uia
431 4042 530 4093 mailli
551 4040 727 4111 iugulandum
747 4039 855 4091 tradere
873 4040 960 4098 nolui,
979 4058 992 4091 a
1009 4043 1066 4093 Deo
1085 4053 1209 4109 separare

122 4125 169 4160 me
187 4109 301 4169 statuit,
318 4058 420 4170 videat,
439 4127 473 4161 ne
490 4113 565 4164 inse
586 4112 694 4180 potius,
714 4125 796 4181 quam
814 4111 844 4161 in
861 4125 914 4175 me,
933 4109 1052 4180 gladium
1074 4108 1209 4160 defixerit.

122 4177 195 4230 Nam
213 4185 245 4229 nt
263 4180 401 4245 praeclare
419 4181 548 4248 scriptum
567 4188 655 4233 exstat
666 4179 740 4249 apud
759 4194 884 4249 magnum
901 4181 1072 4248 Dionysium,
1086 4178 1209 4230 divinum

122 4262 229 4310 sumen
246 4261 307 4298 cum
324 4251 430 4303 ratione
448 4258 599 4324 pngnsntes
617 4250 808 4322 episcoporum
825 4250 981 4303 affectiones
1000 4266 1056 4301 non
1074 4249 1207 4326 sequitur.

162 4347 372 4404 Οσικσεκειπιιτ
391 4352 429 4406 11.
897 4427 901 4432 1
976 4351 1011 4405 to
