2934 4700
268 292 347 348 loo
658 288 940 355 cimicum

115 446 300 532 tempsit
321 446 526 528 χορηγελτθτι
544 446 634 508 πᾶσι.
675 442 725 507 διὸ
746 444 802 508 καὶ
826 440 935 525 οἴομαι
953 444 1118 527 προσήκειν
1135 442 1188 510 σοι’
1210 442 1267 521 τὰς
1287 445 1343 527 τῆς

263 536 443 626 εάεργεσιας
461 540 599 625 χάριτας
616 544 743 611 εἰδέναι.
784 543 816 606 εἰ
833 543 873 626 δη
891 545 991 607 ταῦτα
1011 537 1134 624 οὕτως,
1153 536 1257 627 ὥσπερ
1278 539 1343 607 οἴο-

261 665 342 724 μαι,
362 638 446 706 ἔστιν
465 639 590 724 ἀληθῆ,
609 638 788 721 draiton,
807 638 895 723 πορά
916 645 977 705 σοῦ
995 642 1260 725 προστεταγμένον
1279 642 1344 723 ἀμ·

263 741 400 827 φοτίρας
418 738 503 820 ἔχειν
523 739 579 816 τάς
599 734 727 822 ἀρχάς,
749 731 795 804 ὧν
813 743 869 803 καί
886 735 1046 821 περιόντος
1064 733 1162 823 ἦρχον
1179 743 1342 822 βασιλέως,

259 837 317 922 τὴν
335 835 447 921 ἑτέραν
464 842 636 921 παρέσχετο
656 836 771 918 αάτὸς,
789 841 845 920 τῆς
863 841 942 917 μιᾶς
962 837 1193 922 ἀποστερήσας,
1229 835 1360 921 omnmo

261 963 319 1004 σου
346 939 402 1001 καί
420 937 477 1021 τίγν
500 936 609 1021 ἑτέραν
628 938 716 1026 αὐτῷ
744 937 916 1022 προστάξαι
936 940 1127 1018 ἀποδοῦναι,
1152 939 1341 1020 μᾶλλονδὲ,

260 1036 316 1100 καί
341 1039 440 1101 ositos]
463 1037 628 1119 παρόντος,
648 1038 734 1121 παρὰ
764 1042 825 1102 σοῦ
857 1040 1114 1121 ἐγχειρισθῆναι,
1145 1037 1198 1101 ἵνα
1218 1060 1268 1103 σοι
1286 1040 1343 1102 καί

259 1140 379 1218 μᾶλλον
397 1135 613 1220 προσηκούσας
632 1137 688 1212 τὰς
710 1133 917 1221 εὐχαριστίας
936 1139 992 1219 τῆς
1010 1136 1191 1220 εάεργεσιας
1204 1136 1341 1206 iustu?

258 1230 394 1316 ὅμὲγας
419 1238 479 1314 μὲν
506 1228 565 1298 osis
584 1237 764 1315 δομέστικος
790 1237 965 1320 ἐφθέγξατο
986 1237 1088 1299 uerter.
1129 1234 1149 1318 ἦ
1169 1234 1294 1316 βασιλίς
1311 1237 1341 1299 δ’

258 1334 356 1398 αὐτοῦ
377 1334 492 1417 πολλὴν
510 1338 707 1417 καταγνοῦσα
728 1333 784 1418 τὴν
803 1335 1002 1418 ἀχαριστῶν,
1023 1333 1129 1415 ,,πα’νυ
1145 1332 1382 1428 θαυμάζειν”ιο

229 1427 343 1498 crim
355 1432 552 1515 ,ἐπέρχεταί
561 1456 634 1513 μοι,
648 1430 706 1515 την
718 1436 840 1513 αἰτίαν,
858 1436 892 1511 ἔξ
913 1425 950 1516 ἧς
969 1436 1015 1508 εἰς
1031 1429 1158 1507 τούτους
1178 1430 1341 1517 προήχθης

256 1529 332 1606 τούς
345 1529 468 1613 λόγους,
483 1533 524 1592 ου’
534 1532 708 1619 συνοράση.
727 1534 759 1596 εἰ
774 1535 835 1612 μὲν
853 1530 913 1616 γάρ
935 1529 1076 1611 οἰόμενος
1085 1528 1148 1614 ,μὴ
1161 1529 1218 1615 τὴν
1229 1530 1341 1612 ὁμοίαν

257 1628 397 1710 δύναμιν
422 1627 478 1692 τάν
496 1633 596 1711 μέγαν
616 1631 798 1709 δομὲστικον
810 1680 820 1710 ,
850 1625 944 1714 ἥνπερ
967 1633 1023 1693 καί
1042 1626 1211 1712 πρότερον,
1230 1634 1339 1713 κεκιῆ·

256 1732 355 1809 σθαι,
374 1720 465 1811 ἢέμέ
488 1753 518 1791 τι
539 1729 751 1812 διαφέρεσθαι
766 1727 846 1813 πρὸς
862 1727 975 1809 αάτόν,
996 1732 1060 1792 δεῖν
1072 1727 1167 1812 ἔγνως
1189 1732 1340 1805 αὐθαδῶς
1446 1807 1447 1812 ¹

256 1826 342 1914 αὐτῷ
366 1830 601 1912 προσφέρεσθαι
622 1828 677 1890 καί
695 1831 859 1910 θρασέως,
890 1825 962 1892 ἴσθι
989 1827 1071 1893 πάνυ
1093 1832 1150 1892 τοῦ
1169 1827 1380 1913 προσηκον-,5
1446 1827 1447 1866 3

255 1948 308 2001 τος
328 1920 485 2009 ἁμαρτών.
508 1928 539 1989 εἰ
558 1927 688 1990 δὀἀάὲν
708 1923 943 2011 ἀποβεβληκότα
962 1927 1019 1991 καί
1035 1929 1091 2009 τῆς
1110 1929 1276 2007 δυνάμεως
1285 1930 1341 1991 καί

254 2027 309 2111 τῆς
323 2026 449 2099 εάνυίας
463 2029 520 2108 τῆς
534 2027 579 2099 εἰς
591 2028 647 2105 ἐμὲ
669 2024 780 2107 εἰδώς,
795 2024 901 2091 ἔπειτα
922 2028 968 2101 εἰς
980 2030 1071 2089 τοῦτο
1084 2021 1250 2109 προήχθης
1263 2027 1338 2088 ἀτυ-

254 2127 349 2204 πίας,
370 2124 428 2186 οὐκ
448 2117 630 2203 ἀσυνεσίας,
652 2124 733 2189 ἀλλὰ
752 2125 970 2210 παραπληξίας
984 2129 1083 2211 φαίην
1097 2119 1138 2188 ἀν
1152 2122 1248 2207 ἔγωγε
1263 2123 1337 2199 τούς

254 2221 367 2305 λόγους
397 2226 553 2288 τουτουσί.
594 2223 654 2307 ἐγώ
687 2222 723 2287 tt
753 2248 789 2288 os
819 2222 979 2309 περιόντος
999 2229 1058 2306 μὲν
1076 2217 1165 2310 ᾔδειν
1183 2227 1338 2305 βασιλέως

251 2320 308 2406 τήν
334 2345 368 2386 τε
395 2324 452 2387 τοῦ
478 2318 628 2402 μεσάζειν
655 2325 922 2409 ἑγκεχειρισμένον
942 2323 1070 2389 καὶτοῦ
1088 2325 1254 2405 βασιλικοῦ
1282 2350 1380 2399 trs-20

228 2423 362 2503 υμιείου
383 2419 438 2506 τὴν
457 2417 578 2505 ἀρχήν·
600 2419 681 2504 πλην
700 2425 756 2486 καί
773 2421 867 2505 τότε,
887 2422 970 2488 εἴποι
989 2446 1038 2499 τις
1057 2416 1114 2504 ἀν,
1136 2422 1197 2504 οάχ
1215 2417 1338 2499 ἑκόντος

255 2523 428 2602 βασιλέως,
461 2517 541 2584 ἀλλά
572 2516 625 2583 διὰ
655 2516 690 2583 τὸ
719 2517 894 2599 βούλεσθαι
925 2525 1035 2586 τοῦτον
1062 2522 1338 2605 παραχωροῦντας.

255 2620 306 2684 διὸ
328 2620 383 2685 καί
402 2616 501 2684 πολλά
522 2616 669 2693 πολλάκις
690 2612 869 2698 ἀνειδιζετο
888 2629 964 2706 παρ’
992 2623 1133 2704 ἐκείνου,
1170 2617 1249 2685 κατά
1277 2624 1338 2686 σοιῖ

255 2888 453 2958 praefecturas,
475 2902 563 2938 nona
585 2901 681 2956 magno
704 2886 871 2951 domestico,
898 2888 946 2941 sed
965 2886 1013 2939 abs
1031 2895 1059 2939 te
1078 2885 1209 2938 committi
1229 2902 1261 2937 ae
1278 2885 1337 2938 duri

255 2958 389 3011 omnibus.
427 2958 519 3027 Quare
544 2958 627 3009 etiam
651 2956 748 3008 decere
775 2957 909 3021 arbitror,
939 2958 992 3009 tibi
1019 2956 1053 3008 ‹le
1077 2956 1210 3007 beneficio
1237 2958 1337 3023 gratius

255 3045 344 3097 spere⁴
383 3026 464 3096 Quod
483 3030 506 3079 si
525 3030 563 3080 ita
590 3033 647 3089 est,
673 3035 704 3078 ut
729 3027 799 3081 milri
827 3028 953 3091 videtur,
979 3025 1046 3098 quid
1071 3029 1127 3089 ita,
1151 3043 1209 3077 cum
1234 3026 1281 3077 aba
1308 3033 1336 3078 te

253 3100 357 3150 iussum
376 3100 411 3150 ait
434 3098 525 3151 ambas
551 3097 676 3149 obtinere
702 3113 747 3148 me
770 3099 970 3167 praefecturas,
993 3112 1060 3179 quas
1084 3100 1145 3148 rivo
1172 3096 1337 3164 imperatore

255 3167 440 3231 obtinuerim,
470 3185 550 3220 unam
570 3168 615 3220 hie
632 3166 701 3218 milri
720 3166 810 3229 dedit,
835 3168 951 3220 alteram
970 3167 1090 3235 eripuit?
1117 3165 1208 3233 Quare
1227 3175 1254 3217 te
1273 3184 1338 3227 oro,

256 3245 287 3288 ut
306 3240 416 3296 alterum
436 3254 546 3306 quoque
564 3235 642 3292 reddi
660 3237 770 3289 iubeas:
787 3239 831 3289 vel
847 3239 939 3308 potius
957 3240 1017 3308 ipso
1035 3245 1177 3305 praesente
1195 3244 1223 3286 tu
1244 3237 1272 3287 in
1293 3251 1337 3287 me

256 3309 396 3368 conseras,
415 3315 446 3356 ut
465 3306 517 3355 tibi
535 3309 640 3375 potius,
661 3324 727 3376 quas
746 3308 852 3370 debeo,
870 3310 966 3379 gratiss
986 3325 1000 3357 ι
1020 3324 1070 3363 am.
1093 3306 1198 3357 Silebot
1215 3304 1249 3355 ad
1269 3305 1339 3358 hoec

256 3391 367 3444 magnius
385 3376 561 3440 ‹lomesticus3
585 3378 744 3455 imperatrix
761 3386 852 3428 autem
876 3326 1067 3447 Apocuucfium
1093 3375 1266 3427 vehementer
1289 3375 1338 3428 in·

257 3453 360 3511 gratum
380 3445 516 3505 iudicans,
534 3446 631 3514 Magna
658 3464 701 3500 me
723 3450 798 3516 capit
822 3447 986 3509 admiratio,
1008 3447 1114 3518 inquit,
1141 3462 1197 3497 non
1228 3446 1337 3497 intelli·

257 3521 381 3581 gentem,
411 3513 542 3565 undensm
561 3517 596 3564 ad
613 3515 769 3569 huiusmodi
788 3535 867 3572 voces
889 3519 1036 3587 impellere.
1072 3515 1101 3566 Si
1120 3520 1192 3568 enim
1211 3532 1337 3585 magnum

258 3582 434 3635 domesticum
453 3600 509 3633 non
530 3583 642 3645 eadem,
661 3602 714 3656 qus
733 3590 818 3654 prius,
827 3597 963 3658 potestate
982 3589 1072 3639 velere
1092 3594 1121 3636 et
1145 3602 1188 3637 me
1211 3586 1246 3638 ab
1275 3587 1336 3654 ipso

257 3651 409 3719 discrepare
430 3654 601 3717 existimans,
624 3665 777 3725 arroganter
794 3666 822 3709 et
839 3658 1008 3711 confidenter
1033 3659 1061 3708 in
1087 3673 1150 3707 eum
1177 3657 1338 3711 irruentium

255 3721 420 3784 decrevisti,
442 3726 509 3775 scito
530 3733 557 3775 te
577 3733 635 3776 tots
653 3728 696 3779 via
715 3728 862 3781 aberrasse.
899 3728 947 3780 Sin
965 3744 1055 3798 neque
1073 3725 1108 3777 de
1128 3726 1268 3794 potentia,
1286 3742 1338 3779 ne·

257 3808 310 3863 que
329 3791 362 3845 ‹le
387 3794 577 3848 benevolentia
604 3795 678 3847 illiue
701 3812 764 3865 erge
786 3815 830 3851 me
855 3800 1005 3869 quidquam
1032 3797 1207 3848 imminutum
1232 3796 1339 3863 sciens,
1446 3854 1447 3863 ,

255 3861 346 3914 nihilo
364 3866 453 3915 minus
471 3864 524 3916 lruc
544 3865 707 3918 insolentiae
727 3869 900 3937 processisti,
923 3883 978 3921 non
997 3884 1045 3936 ego
1068 3868 1120 3918 iam
1142 3865 1214 3918 hunc
1232 3883 1340 3918 sermo-

255 3948 319 3984 nem
336 3941 413 3985 tuum
433 3934 636 4002 impudentiae,
666 3935 714 3988 sed
734 3941 870 3990 amentiae
894 3938 1088 4006 adscripserim.
1124 3936 1184 3988 Non
1211 3952 1253 3987 me
1279 3938 1339 3990 fal-

254 4000 347 4067 lebat,
374 4007 520 4073 superstite
543 4007 725 4074 imperatore,
754 4008 980 4060 administratoris
997 4024 1096 4059 munus
1124 4002 1257 4075 simulque
1276 4008 1337 4061 fisci

253 4073 453 4142 praefecturam
470 4074 522 4126 tibi
542 4077 725 4142 commissam,
741 4086 926 4135 verumtamen
946 4079 1029 4129 ctiam
1046 4087 1102 4131 tum
1121 4076 1210 4128 dicere
1224 4075 1338 4142 licebat,

254 4158 311 4194 non
331 4144 517 4211 imperatorem
532 4145 668 4207 voluisse,
690 4147 738 4199 scd
755 4148 864 4200 volente
885 4146 936 4200 lroe
953 4149 1126 4217 permisisse,
1147 4146 1221 4215 quod
1240 4149 1266 4200 ei
1284 4164 1338 4216 po·

255 4219 312 4267 εῑτι
334 4215 450 4272 multum
478 4229 513 4271 ac
538 4229 619 4287 saepe
643 4215 673 4269 in
702 4225 731 4269 te
756 4216 925 4271 stomachans
952 4216 1148 4288 exprobrabat,
1171 4218 1250 4286 quasi
1278 4234 1336 4272 rem
