2934 4700
203 183 288 271 536
598 210 881 280 οκατλοοιοεα

52 375 114 433 ΔΩ.
127 377 193 449 13⁴5
201 367 261 445 δάς
288 368 504 449 δαειπαμδνον
524 365 581 434 κατ’
605 363 741 454 ὕστερον
772 366 1024 452 πεπολεμηκότος
1056 368 1202 452 φανεροῖς
1236 366 1299 433 καὶ

198 466 276 545 τούς
309 459 424 553 ὅρκους
451 466 697 543 καταλελυκότος
720 468 894 554 προφανῶς
915 464 972 530 καί
988 463 1046 542 τάς
1064 463 1211 548 σπονδάς,
1232 468 1297 532 αδ-

199 565 256 634 τὸν
275 564 319 652 μὴ
341 566 526 651 κεκινῆσθαι
545 563 623 653 πρὸς
643 563 760 651 άργὴν,
780 566 863 650 μηδὲ
883 564 1212 648 άμάνεσδαιέδέλειν,
1233 566 1296 630 ἄλ·

198 664 241 734 λά
261 663 320 742 τάς
329 662 468 742 σπονδάς
492 663 547 731 κατ’
570 664 645 741 τούς
666 659 781 751 άρκονς
801 659 965 747 άνανεοῦν,
988 665 1044 730 καί
1060 664 1158 751 χάριν
1177 665 1297 730 ἀποδι-

201 762 291 833 δόναι
320 770 376 850 τῆς
408 767 520 853 φιλίας
549 759 607 851 ὅση
636 763 769 852 δυνατή.
809 760 850 831 δν
872 767 908 830 δὲ
929 763 975 850 μὴ
998 764 1147 850 πείθηται
1167 763 1267 840 αὐτὸς
1283 766 1317 849 ,5

198 867 282 953 μηδὲ
305 864 507 953 άφιστασδοι
527 867 623 955 totta
647 867 705 931 τοῦ
725 869 961 953 παρασπονδεῖν
980 863 1037 929 καί
1056 866 1187 946 άδικεῖν,
1208 863 1293 930 α’λλά

199 968 351 1056 πολιορκῇ
371 962 430 1041 τάς
449 964 571 1048 πόλεις,
594 961 639 1050 μὴ
662 966 751 1055 αὐτῷ
769 963 897 1049 ἐπάγειν
917 963 1032 1045 αἰτίαν,
1055 956 1097 1030 άν
1118 962 1295 1049 οἷμάνητοιι,

177 1065 251 1144 Boio
273 1064 508 1152 παραβεβηκάτι
524 1063 584 1143 τάς
599 1062 736 1143 σπονδάς
746 1068 801 1130 καί
818 1065 1050 1150 άγνιομονοῦντι
1075 1061 1234 1150 πρδςιτδν
1254 1055 1296 1126 εὖ

202 1160 410 1251 πεποιηκότα,
437 1162 530 1252 ἡνίκα
549 1164 688 1247 μάλιστα
708 1167 820 1231 ἐδεῖτο.
860 1168 993 1230 τοιαῦτα
1018 1165 1080 1244 μὲν
1102 1160 1119 1228 ὅ
1138 1161 1295 1246 βασιλεῦς

203 1264 410 1351 δπρεσβεάετο
432 1263 512 1351 πρὸς
532 1268 676 1351 Κράλην.
718 1260 789 1348 ἅμα
811 1266 847 1330 δὲ
867 1261 951 1348 ἔχων
971 1265 1028 1330 καί
1047 1261 1107 1347 τὴν
1126 1262 1339 1349 στροτιάν,ιο

109 1360 534 1451 λ’,ῖονπράςΧριστοάπολιν
553 1364 680 1451 ἒχάρει,
700 1361 1056 1457 καίιδστρατοτρεδεάετο
1078 1366 1113 1429 ἒν
1128 1360 1218 1451 κάμῃ
1236 1363 1309 1429 tori

203 1469 237 1533 Γ
234 1461 351 1550 αβριηλ
362 1465 667 1553 προσαγορευομδνη,
688 1463 732 1542 ὥς
746 1461 937 1551 ἀφιξόμενος
958 1465 1003 1539 εἰς
1023 1459 1132 1549 Φεράς
1158 1461 1216 1526 καί
1232 1465 1302 1529 τῶν

205 1558 311 1631 άλλων
331 1564 452 1629 πόλεων
474 1563 626 1649 πρόνοιαν
644 1560 867 1649 ποιησόμενος,
887 1558 961 1628 ὅσαι
980 1557 1043 1626 aiud
1064 1563 1124 1627 τσῦ
1146 1566 1300 1648 Τριβαλι-

205 1667 266 1728 κοῦ
285 1668 425 1745 πολέμου
445 1659 599 1749 ἔπραττον
619 1664 734 1739 κακοῖς.
769 1661 897 1728 τούτων
917 1664 953 1728 δὲ
975 1664 1215 1748 τραπομένων,
1237 1660 1298 1728 ’A-

206 1757 364 1839 ττάκανκος
395 1760 414 1825 δ
445 1765 544 1846 μίγας
565 1760 642 1842 dori}
662 1761 749 1850 ὅριάν
771 1755 834 1848 ἤδη
853 1759 912 1839 τάς
931 1764 992 1845 μὲν
1010 1759 1219 1847 ἠπειρώτιδας
1235 1761 1341 1830 nrt-15

207 1866 274 1939 λεις
292 1861 400 1937 παίσας
419 1861 690 1949 Καντακονζηνάν
710 1860 767 1928 τὸν
786 1866 921 1945 βασιλέα
947 1860 1008 1947 ὑφ’
1030 1856 1146 1926 ἑαυτὸν
1163 1883 1298 1945 πεποιη-

181 1964 323 2048 ὒμένον,
354 1960 411 2027 καί
439 1960 499 2048 τήν
526 1985 566 2059 τε,
580 1962 756 2046 Ῥωμαίων
776 1961 927 2048 στρατιάν
951 1961 1058 2044 δλιγον
1083 1960 1149 2025 δεῖν
1167 1955 1300 2033 ἅπασαν

207 2060 323 2145 ἔχοντα
353 2055 453 2129 α’δτδν
481 2064 537 2128 καί
562 2058 720 2148 τοσαύτην
739 2059 802 2126 aad
822 2058 1080 2146 τῶνβαρβάρων
1099 2064 1300 2144 συμμαχίαν,

208 2163 266 2226 καί
281 2161 325 2238 ὥς
345 2160 503 2227 derivator
525 2163 613 2252 αδτῷ
635 2161 920 2228 άντικαδιστασδαι
932 2162 967 2225 ἐκ
978 2164 1034 2244 τῆς
1048 2159 1191 2246 ἠπείροιν,
1209 2163 1301 2246 πρῶ-

208 2286 249 2327 τα
270 2263 331 2343 μὲν
359 2262 515 2346 ἐσκέψατο
539 2261 593 2328 διά
614 2263 670 2350 τῆς
689 2259 770 2348 πρὸς
796 2257 855 2336 τάς
874 2260 964 2337 δίκας
983 2254 1146 2344 άκριβείας
1166 2258 1224 2325 κατ’
1244 2262 1342 2331 δι-πο

209 2361 379 2448 καιοσάνης
407 2366 532 2429 πείθειν
554 2365 753 2444 Βνζαντιονς
782 2360 872 2450 αὐτῷ
891 2363 1075 2446 προσέχειν·
1117 2358 1228 2426 ἔπειτα
1243 2366 1302 2428 καί

210 2470 315 2540 κεναῖς
335 2465 459 2530 ἐλπίσιν
476 2461 632 2548 ἐξηπάτα,
653 2456 761 2548 ὥσπερ
782 2463 817 2528 ἒν
837 2459 970 2548 ὀνείροις
989 2456 1243 2536 πλονσιοττάτονς
1264 2462 1302 2539 ἕξ

211 2557 340 2649 ἀπόρων
359 2560 620 2649 ἐπαγγελλόμενος
640 2559 803 2654 ποιήσειν,
835 2553 875 2630 dr
904 2560 961 2648 τὴν
980 2556 1100 2628 ὁλκάδα
1121 2559 1218 2649 στήσῃ
1240 2558 1301 2646 τὴν

227 2739 231 2758 ,.
285 2714 327 2752 ιο.
350 2704 440 2760 etar.
458 2701 509 2754 καλ
527 2700 590 2756 add.
608 2699 645 2755 Μ,

214 2814 275 2859 asse
308 2805 481 2857 memoriam:
522 2810 552 2858 et
576 2821 696 2877 aequum
728 2806 872 2873 arbitrari,
903 2803 1103 2858 beneficentiae
1131 2804 1302 2857 meminisse.

214 2871 309 2942 Quare
327 2891 388 2928 eum
407 2875 456 2928 ille
473 2875 546 2946 apud
564 2876 726 2931 Berrhoerm
746 2876 844 2931 loedur
865 2883 1054 2939 retractasset,
1079 2892 1112 2928 ae
1127 2884 1225 2944 postea
1242 2889 1302 2927 nra·

176 2983 179 2988 .
213 2943 316 2996 miserta
342 2960 416 2997 arma
444 2949 588 3012 movisset,
608 2950 769 3020 sancitaque
789 2948 900 3001 foedera
919 2955 1013 3017 aperte
1030 2946 1176 3010 riolaaret,
1194 2962 1254 3000 non
1272 2961 1303 2999 se

213 3014 255 3066 ira
276 3017 423 3081 exarsisse,
445 3034 537 3100 neque
554 3017 590 3070 ad
611 3019 758 3072 vindictam
778 3019 952 3072 incumbere:
978 3015 1027 3071 sed
1046 3035 1078 3069 ea
1096 3033 1231 3071 renovare
1248 3032 1304 3070 το-

213 3084 315 3150 luisse,
340 3095 368 3139 et
394 3088 532 3141 amicitiae
562 3098 692 3159 quantam
716 3092 841 3159 potuerit
866 3091 976 3160 gratiam
1002 3088 1136 3142 retulisse.
1173 3087 1304 3157 Quodsi

216 3156 334 3228 obsequi
357 3166 478 3222 recuset,
502 3168 651 3230 contraque
674 3161 772 3214 foedus
800 3177 879 3230 agere
902 3166 931 3212 et
956 3162 1084 3212 iniuriam
1111 3158 1216 3211 inferre
1241 3174 1302 3210 non

216 3226 340 3281 desinat:
358 3228 406 3280 sed
426 3230 508 3283 urbes
526 3230 653 3284 obsidere
672 3238 783 3303 pergat,
800 3249 836 3283 ne
853 3247 882 3282 se
900 3233 930 3283 iu
948 3232 1027 3300 eulpa
1045 3235 1146 3298 ponat,
1164 3235 1305 3299 tamquam

214 3297 398 3368 foedifragum
427 3307 457 3352 et
479 3302 616 3370 ingratum
640 3302 671 3354 in
695 3304 768 3356 boue
792 3310 942 3355 merentem
970 3318 1066 3363 suum,
1101 3317 1157 3373 quo
1179 3307 1304 3370 tempore

134 3381 139 3389 ·
215 3369 389 3438 potissimum
413 3389 442 3423 re
465 3370 555 3423 aliena
584 3373 699 3441 egebat,
723 3374 748 3425 si
774 3374 856 3426 ermis
874 3388 977 3441 poenas
996 3371 1190 3441 repoposcerit.
1229 3370 1306 3422 llaec

215 3453 268 3509 per
293 3449 415 3493 oratores
436 3441 471 3493 ad
489 3441 597 3494 Cralern
615 3445 826 3511 imperatorem,
850 3443 987 3515 simulque
1003 3460 1063 3495 cum
1082 3444 1204 3494 exercitu
1224 3440 1305 3492 Chri-

216 3507 346 3578 stopolirn
365 3511 419 3563 iter
439 3511 569 3573 intendit,
588 3518 618 3564 ct
636 3512 670 3564 ad
687 3515 777 3568 vicum
793 3513 931 3568 Gabrielis
951 3521 1037 3567 castra
1057 3514 1140 3576 locat,
1156 3519 1189 3565 ut
1206 3511 1306 3563 Pheras

216 3587 348 3648 venturus
376 3588 406 3634 et
439 3580 502 3632 aliis
532 3582 689 3636 civitatibus
719 3584 796 3637 bello
825 3585 977 3640 Triballico
1002 3585 1106 3637 vexatis
1134 3584 1304 3652 provisurus·

216 3649 292 3702 Dum
319 3650 388 3704 haec
415 3659 561 3722 geruntur,
587 3669 698 3723 magnus
717 3654 774 3706 dux
818 3656 997 3724 Apocauclrur
1022 3654 1119 3708 videns
1145 3655 1200 3706 ianr
1220 3652 1304 3704 urbes

219 3720 387 3776 continentis
420 3738 515 3776 omne·
546 3721 764 3778 Cantacuzenum
788 3725 825 3777 ad
853 3727 999 3797 imperium
1036 3741 1116 3778 suum
1139 3722 1303 3785 traduxisse,

216 3792 425 3867 Romanumque
457 3794 605 3848 exercitum
633 3795 833 3866 propemodum
863 3800 1020 3849 universum
1043 3803 1072 3848 et
1098 3793 1187 3848 nihilo
1209 3791 1302 3844 minus

217 3878 276 3915 non
302 3864 408 3917 modica
434 3881 450 3918 a
477 3863 600 3920 barbaris
627 3866 729 3920 auxilia
754 3867 874 3930 habere,
897 3868 980 3938 eique
1002 3868 1032 3918 ln
1051 3867 1207 3923 continente
1223 3860 1304 3913 haud

218 3951 359 4006 quaquam
396 3936 486 3988 resisti
518 3953 618 4006 posse,
650 3940 768 4006 primum
793 3937 905 4009 quidem
930 3953 981 4006 per
1003 3936 1165 4004 diligentem
1183 3933 1250 3985 iuris
1269 3947 1305 3983 ac

217 4004 344 4059 iustitiae
367 4005 519 4059 custodiam
543 4008 687 4077 Byzantios
706 4008 742 4060 ad
759 4007 812 4061 sibi
839 4006 1085 4075 obtemperandum
1103 4007 1213 4059 allicere
1231 4003 1307 4056 deli-

216 4074 341 4130 lterevitz
367 4076 467 4130 deinde
495 4094 543 4148 spe
566 4093 636 4131 rana
658 4092 705 4129 eos
722 4078 840 4142 delusit,
865 4077 943 4131 velut
959 4095 1009 4148 por
1030 4079 1167 4130 somnium
1185 4092 1220 4129 ex
1236 4091 1305 4144 pau·

215 4145 330 4231 raihta
348 4146 498 4210 morinos
511 4151 680 4212 effecturum
696 4149 847 4232 pollicem,
873 4148 924 4208 uhi
941 4147 1094 4210 οαοτττίια
1111 4165 1128 4206 a
1144 4147 1307 4210 mercatam-
