2934 4700
476 295 763 364 ursrouuuuu
792 300 847 362 ιιι.
867 303 922 375 οι.
1107 276 1110 285 ’
1151 269 1232 386 571

150 453 350 538 μυουμένους
368 447 403 519 τέ
425 444 589 533 βάπτισμα
609 447 663 515 διά
685 447 745 535 τήν
764 446 886 515 ἐκείνου
907 450 1088 516 κοινωνίαν·
1111 446 1187 527 τούς
1203 461 1307 518 rene
1320 463 1399 536 stt&

150 556 323 640 παριόντας
342 553 486 619 έκέλευον
505 545 656 636 α’ργύριον
677 546 769 637 ῥητὸν
789 550 1021 616 κατατίθεσθαι
1039 550 1086 625 εἰς
1097 548 1156 636 τὴν
1169 545 1241 637 iop-

150 650 217 738 τήν.
255 650 311 717 καί
339 645 380 736 ἦν
407 651 528 735 α’νάγκη
548 646 698 736 πράττειν
717 648 799 714 κατά
818 648 854 714 τά
875 649 1002 714 ἐκείνων
1021 651 1199 732 κέλευσμά,
1218 640 1339 737 s’p'ws

149 749 386 819 ὑποπτεύεσθαι
406 744 522 816 asiatica
542 744 602 832 ἦν,
637 748 681 827 ῶς
708 746 749 814 τά
777 750 1048 833 Καντακουζηνοῦ
1068 750 1126 814 τού
1146 753 1270 832 duur-tt

130 855 229 928 ettae
255 852 412 940 ᾑρημένον
441 847 499 915 κατ’
528 847 709 933 ἀχθόμενον
737 846 818 934 πρὸς
838 847 897 932 τὴν
923 848 1120 932 ε’ρεσχελέαν.
1159 847 1242 930 μετά

149 952 298 1018 τοῦτοδὲ
319 945 490 1033 μεθύοντες
510 950 545 1014 ἐν
564 949 768 1033 καπηλεύεις,
797 948 853 1011 κατ’
880 945 919 1012 τά
942 941 1024 1013 ἄλλα
1047 948 1244 1032 ἔξωρχοάντο

148 1054 213 1117 τῶν
234 1050 439 1135 Χριστιανῶν
466 1045 646 1134 μυστήρια,
678 1050 736 1131 τῆς
762 1048 850 1130 θέττης
871 1040 1062 1131 άνεχομένης
1090 1049 1147 1113 κατ’
1164 1050 1245 1128 άμε-

151 1146 290 1216 λούντων
307 1151 370 1215 τῶν
388 1149 561 1234 κεραυνῶν.
602 1136 648 1213 ῶν
678 1145 737 1233 την
758 1148 892 1212 άτοπάτν
911 1146 1051 1232 μισήσας
1074 1149 1130 1213 κατ’
1149 1145 1166 1212 ὃ
1187 1149 1246 1232 δη·

150 1273 234 1331 μσς,
267 1246 423 1334 πρότερον
443 1271 480 1314 τε
500 1245 535 1313 ἔκ
554 1271 650 1313 τινοιν
670 1247 781 1313 αἰτιῶν
801 1250 1018 1331 κεκινημένος,
1050 1248 1114 1312 τῶν
1133 1251 1247 1332 Ζηλω-

112 1351 218 1419 ιοτῶν
239 1372 329 1425 τινας
358 1349 395 1413 έν
425 1350 470 1437 τῷ
499 1351 555 1434 τῆς
585 1346 736 1412 θεοτάκου
768 1350 826 1431 τῆς
856 1343 1098 1432 άχειροποιὴτου
1122 1346 1247 1426 τεμένει

20 1431 26 1445 ⁸
151 1447 226 1524 τούς
255 1449 315 1530 μὲν
343 1448 531 1535 ἀπέσφαξαν
554 1441 710 1531 άνηλεῶς,
741 1448 797 1512 ἕνα
825 1447 862 1511 δὲ
886 1444 942 1510 καί
971 1444 1104 1532 διέτης
1126 1440 1247 1531 οἷγορῶς

152 1551 352 1632 κατέσυραν,
375 1547 478 1623 λιθοις
497 1543 668 1631 βάλλοντες
687 1543 745 1611 κατ’
763 1543 868 1625 ξύλοις
896 1553 963 1621 τοῖς
991 1547 1246 1632 προστυχοῦσα,

150 1650 215 1724 dore
245 1647 423 1713 ἀπέπνευσε
451 1643 644 1732 συρόμενος·
679 1642 736 1711 καί
764 1640 836 1711 adra
864 1645 943 1711 otti
973 1643 1168 1730 ἠγανάκτησε
1189 1645 1246 1710 διά

149 1746 208 1813 τάν
230 1741 459 1829 Παλαιολόηου
488 1743 606 1832 φόνον,
637 1743 718 1811 άλλά
748 1747 843 1829 δῆλος
869 1737 911 1831 ἧν
942 1740 1096 1830 η’άάμενος
1125 1745 1181 1809 ent
1199 1735 1249 1833 τηῖ

110 1843 435 1925 ιόάποσκευάζεσθαι,
456 1844 534 1921 τούς
563 1842 728 1930 Ζηλωτάς.
763 1840 959 1921 Ἀπύκαυκος
988 1847 1025 1911 δὲ
1045 1837 1107 1930 ἤδη
1132 1845 1277 1943 πάσανῢ1

150 1944 236 2029 έχων
256 1942 317 2029 τήν
342 1943 448 2031 α’ρχῆν
468 1942 577 2035 odric,
609 1943 793 2030 παρρησίας
809 1967 845 2011 τε
857 1947 1033 2026 μετέδωκεν
1053 1947 1094 2008 ου’
1111 1945 1168 2027 τῆς
1186 1966 1246 2013 τυ,-

149 2044 274 2129 χούσης
293 2051 360 2122 τοῖς
379 2041 420 2109 τά
441 2046 598 2127 βασιλέως
616 2042 812 2127 πρέπουσι,
839 2042 897 2111 καί
915 2041 1015 2118 αύτάς
1035 2035 1076 2128 ἧν
1104 2039 1247 2129 φανεράς

149 2141 193 2211 τά
217 2144 340 2209 ἐκείνου
361 2142 535 2231 ᾑρημένος,
555 2139 691 2209 καὶτῶν
711 2146 888 2227 Ζηλοοτῶν,
919 2136 989 2207 ὅσοι
1007 2143 1070 2224 μὲν
1099 2142 1135 2209 έν
1163 2137 1246 2231 λόγῳ

152 2237 251 2330 ἦσαν,
272 2242 469 2307 κατέκλεισεν
488 2243 523 2306 έν
544 2240 770 2330 άτσμοοτηράρ,
788 2238 866 2327 πρὸς
886 2243 1095 2322 Πλαταμῶνα
1114 2240 1248 2321 πέμψας

106 2344 207 2409 30καί
218 2339 278 2418 τάς
298 2332 397 2417 άλλας
416 2342 578 2424 πολίχνας,
599 2335 675 2408 douc
694 2334 848 2431 ύπάύτηῖ
867 2342 1013 2408 ἐτέλουν·
1029 2337 1134 2407 riuti
1149 2332 1247 2405 άλλον

150 2438 314 2529 συρφετὸν
342 2439 474 2524 ἐξήλασε
498 2444 554 2526 τῆς
587 2438 720 2517 πόλεως.
758 2443 873 2519 ἐκεῖνος
900 2443 936 2507 δέ
959 2438 1022 2508 εἴτε
1052 2438 1105 2507 τὸν
1123 2439 1247 2524 πατέρα

148 2537 326 2623 δεδοικώς,
351 2539 415 2606 εἴτε
434 2549 499 2616 τοῖς
519 2542 671 2607 συνοῦσιν
690 2534 837 2607 άπιστῶν
848 2591 859 2624 ,
892 2539 972 2628 πρὸς
994 2539 1053 2627 την
1075 2536 1246 2626 άκρύπολιν

149 2638 258 2709 έλθῶν
278 2642 382 2727 διῆγε·
407 2643 463 2706 κατ’
483 2642 760 2723 Θεσσαλονικέων,
779 2635 849 2707 ὅσοι
869 2639 910 2707 τά
930 2645 1088 2725 βασιλέως
1109 2638 1246 2725 έξαρχῆς

151 2744 305 2831 ᾑροῦντο,
325 2740 430 2807 οὐκέτι
450 2739 697 2823 ύπεστέλλοντο,
727 2737 810 2807 άλλά
831 2740 913 2826 μετά
934 2741 1114 2830 παρ’ῥησάας
1133 2738 1245 2827 προσί·

225 2876 267 2913 ao.
289 2855 384 2915 ditur
401 2861 430 2915 Ρ.

152 2964 203 3035 qui
226 2961 414 3016 Cantacuseuo
438 2963 531 3019 savem
555 2963 739 3030 ridebantur,
768 2964 995 3035 comprehensor,
1021 2965 1098 3019 velot
1128 2964 1177 3035 qui
1195 2978 1246 3035 per

152 3036 215 3085 eius
243 3035 465 3087 communionem
499 3036 664 3102 baptismum
696 3039 866 3102 eiurassent,
897 3037 989 3088 denuo
1018 3032 1187 3088 lustrabant:
1214 3049 1247 3086 ac

152 3111 364 3175 praetereuntes
383 3106 563 3158 constitutum
581 3108 702 3175 pretium
720 3108 756 3160 ad
774 3109 855 3159 ierim
871 3106 1012 3177 agitandas
1032 3106 1168 3158 iubebant
1179 3122 1246 3175 per·

152 3177 271 3231 solvere.
308 3175 365 3246 Qui
392 3175 415 3227 si
440 3177 610 3239 abnuerent,
641 3179 733 3229 statim
758 3179 787 3229 in
806 3177 988 3246 suspicionem
1008 3177 1247 3230 Cantaeuzenisml

152 3246 332 3309 incidebant,
358 3252 387 3298 et
406 3246 534 3299 ludibriis
560 3248 616 3300 illis
636 3248 740 3300 offendi
758 3250 936 3318 putabantur.
971 3247 1112 3300 Praeterea
1130 3248 1160 3300 in
1180 3264 1245 3299 cau·

151 3319 234 3438 ponis
252 3317 393 3387 usquead
411 3318 573 3370 ebrictatem
592 3327 786 3388 perpotsntes‚
808 3317 969 3380 Christianis
987 3320 1124 3388 mysteriis
1141 3318 1248 3371 illude·

175 3395 241 3452 ant,
274 3389 399 3457 patiente
426 3396 454 3441 et
472 3389 587 3441 fulmina
608 3393 769 3442 continente
788 3388 882 3443 divina
900 3390 1014 3441 iustitia.
1051 3390 1176 3461 Quorum
1193 3403 1246 3441 ne-

154 3455 241 3509 fanda
260 3461 362 3511 scelera
382 3461 501 3528 populus
519 3476 636 3522 exosus,
654 3468 683 3511 et
700 3460 816 3512 antebac
834 3460 965 3531 quasdam
993 3460 1029 3513 ob
1057 3476 1152 3514 causas
1179 3474 1246 3512 exa·

153 3524 292 3587 cerbanos,
305 3531 409 3582 Zelotas
421 3531 570 3583 nonnullos
583 3531 612 3581 in
627 3531 762 3599 Deiparae
774 3549 830 3584 non
843 3531 996 3585 manufacto
1014 3531 1117 3602 templo
1140 3532 1247 3601 absque

152 3597 343 3650 misericordia
361 3601 483 3654 occidit:
502 3618 588 3655 unum
602 3617 653 3669 per
671 3603 761 3655 iorum
779 3602 880 3666 traxit,
897 3602 1094 3688 lapidibusque
1112 3610 1142 3656 et
1160 3601 1245 3670 lignis

154 3666 247 3721 obviis
266 3669 371 3721 tamdiu
389 3672 529 3741 impetivit
547 3689 579 3723 ac
599 3673 733 3735 contudit,
751 3672 839 3726 donec
857 3675 977 3726 animam
996 3680 1142 3743 expiraret.
1165 3673 1246 3726 Tunc

153 3738 254 3808 itaque
283 3736 319 3790 ob
341 3743 460 3793 occisum
487 3743 677 3862 Palaeolopum
704 3743 780 3795 haud
807 3744 992 3797 irascebaturz
1027 3744 1076 3797 sed
1102 3744 1191 3797 libere
1216 3749 1246 3796 et

153 3808 247 3878 palam
269 3816 381 3877 propter
408 3820 557 3864 summotos
585 3813 619 3864 Ze
633 3819 690 3865 otas
722 3814 837 3868 laetitiis
868 3813 1021 3866 incedebat.
1065 3812 1245 3886 Apocauehus

155 3879 231 3931 solus
252 3880 307 3930 iam
325 3880 489 3950 preelectus,
504 3883 599 3934 amicis
619 3885 791 3950 imperatoris
810 3901 866 3936 non
882 3901 993 3952 parram
1015 3884 1174 3938 libertatem
1192 3887 1247 3935 im·
1358 3917 1364 3927 ·

155 3948 314 4017 pertiebat,
339 3950 454 4020 ipseque
472 3953 627 4006 earumdem
644 3969 675 4006 se
700 3955 820 4022 partium
838 3968 897 4005 csse
918 3972 974 4007 non
992 3953 1200 4016 dissimulabat,
1218 3961 1248 4008 et

158 4019 264 4072 Zelotas
283 4020 447 4092 insigniores
465 4024 500 4074 ad
524 4024 712 4078 Platamonem'
727 4032 812 4093 atque
837 4024 944 4077 adalia
963 4026 1096 4095 oppidula
1116 4026 1183 4077 iuris
1203 4026 1247 4078 sul

157 4089 287 4155 mittens,
314 4092 344 4145 in
368 4108 502 4145 carcerem
524 4095 666 4157 tradebat,
693 4095 827 4165 reliquam
851 4096 996 4148 colluviem
1016 4114 1049 4148 ex
1066 4095 1135 4149 urbe
1153 4103 1248 4148 cater-

159 4159 292 4220 minabat.
328 4162 438 4217 Deinde
454 4179 517 4216 vero
536 4168 594 4218 sive
612 4175 716 4234 patrem
734 4165 849 4230 timens,
869 4168 926 4221 sive
948 4165 1073 4219 diffidens
1093 4166 1166 4229 suia,
1191 4166 1248 4219 arei

158 4233 310 4299 meredic,
337 4243 366 4290 ct
386 4232 662 4303 Thessalonicenses,
690 4246 829 4309 quotquot
853 4236 888 4292 ab
913 4238 995 4292 initio
1021 4235 1056 4290 ab
1082 4238 1247 4310 imperatore
