2934 4700
483 306 765 375 mssonmnou
792 309 848 372 ιιι.
875 308 928 379 os.
1163 273 1241 390 ¹57

169 468 227 552 μὲν
246 467 362 550 ἐπέσχε
379 461 461 551 πρός
479 459 543 550 ό,τι
562 460 753 551 τραπόμενος
771 466 986 548 ἀποκρινεῖται
1004 455 1242 545 στοχαζόμενος,
1251 468 1313 525 nc·
1325 469 1388 539 rtis

168 565 224 632 stol
253 561 358 649 στοιπῆ
388 562 566 648 dulciori
593 566 729 650 θέατρον
757 569 900 645 κατεῖχε,
926 558 1050 627 πόντων
1081 558 1158 646 πρὸς
1187 554 1245 642 την

167 662 321 750 ἀκρόασιν
346 663 671 749 τοῖνλεχθησομόνιον
700 660 868 749 μετοιόραν
893 657 1108 747 ὑπαρχόντων.
1153 652 1246 741 μόλις
1317 687 1343 707 f

167 766 204 831 δὲ
225 760 333 850 ὥσπερ
359 760 418 850 την
450 763 566 840 ἐκτῶν
590 761 778 849 α’μφιβόλων
804 758 960 845 σόμχασιν
986 760 1143 842 λογισμόν
1166 752 1247 822 dno.

146 862 396 949 δκρονσόμενος,
425 865 512 944 „scio
526 850 590 942 ’μὲν
612 865 794 947 προτεραν”
813 856 876 946 ἔφη
897 861 1074 942 ,λογισμόν
1096 858 1248 943 περὶτοῦ

165 964 233 1029 δεῖν
250 965 352 1048 μηδὲν
371 965 435 1030 sris
455 953 553 1027 όντων
569 969 766 1044 μετακινεῖν,
781 962 862 1047 μηδὲ
875 960 1087 1044 νεωτερίζειν,
1109 955 1155 1024 ότι
1175 954 1247 1039 ἔχο-

164 1086 227 1144 μαι
248 1064 444 1143 καὶμᾶλλον
462 1058 561 1136 αότός
577 1058 730 1145 αἱροῦμαι
770 1057 808 1125 od
842 1061 905 1126 sois
926 1055 1135 1142 όπαρχόντων
1153 1053 1250 1138 μόνον

164 1163 440 1246 ἀποστερηθῆναι,
461 1161 528 1225 αλλ’
548 1157 583 1225 εἴ
596 1183 630 1226 τι
649 1162 715 1225 δέοι
734 1158 791 1225 καί
806 1162 869 1225 τεόν
888 1158 1065 1245 ἀνηκέστων
1076 1154 1247 1237 ὑποστῆναι
1257 1172 1284 1230 ν,
1292 1174 1339 1244 ςςι

165 1263 201 1326 ἐν
217 1264 264 1349 τῷ
284 1260 433 1343 σοόματι,
453 1255 477 1343 ἢ
495 1261 632 1343 πολέμου
653 1258 817 1345 πρόφασιν
835 1259 993 1345 όμφιιλιόν
1007 1258 1249 1345 παρασχέσθαι.

128 1358 225 1443 soris
245 1359 307 1444 yslo
339 1361 374 1424 iss
403 1354 528 1444 πραότης
558 1359 683 1443 ἡλικίαις
710 1358 809 1423 αότοί
828 1380 884 1439 μοι
906 1352 1032 1422 ciram
1051 1355 1247 1439 ἀπέχθειαν,

169 1458 212 1544 ἣν
231 1456 323 1542 ἔσχον
341 1459 416 1545 περί
433 1455 469 1522 τό
491 1455 530 1522 τό
552 1457 703 1542 α’λλότρια
734 1453 920 1541 διαρπάζειν
940 1448 962 1540 ἢ
990 1453 1098 1539 φόνοις
1123 1457 1249 1538 χαίρειν
1276 1449 1279 1457 ’

172 1557 230 1625 ναί
249 1564 430 1643 λεηλασίαις
448 1560 503 1622 ταί
520 1561 659 1644 φθοραιῖς
679 1556 868 1642 ἀνθρώπων.
897 1552 956 1619 ότι
974 1555 1009 1617 di
1029 1553 1105 1617 ests
1124 1548 1249 1637 βαρβά-

169 1677 253 1745 ρονς·
263 1657 319 1724 καί
329 1652 479 1743 Ἓλληνας
506 1653 626 1738 μόνον,
657 1650 726 1721 όσοι
753 1652 812 1739 τήν
830 1650 912 1737 πρός
935 1649 1090 1738 ἀλλήλους
1116 1653 1197 1732 ἐμοῦ
1214 1674 1249 1717 τε

167 1757 225 1825 καί
241 1759 399 1841 βασιλέως
421 1755 576 1822 ἐπύθοντο
595 1759 726 1842 φιλίαν,
749 1750 831 1819 ἄλλα
852 1749 908 1818 καί
926 1748 1015 1837 ἥλιον
1036 1744 1076 1816 όν
1095 1751 1151 1817 ναί
1169 1747 1203 1816 εἴ
1214 1741 1249 1817 Ιτι

126 1857 227 1925 ιὸτιόν
249 1855 388 1942 α’ψόχων
406 1859 526 1941 ἕτερον,
548 1854 771 1939 αίσχννοιμην,
801 1855 833 1918 εἰ
850 1857 915 1930 τοῖς
937 1852 1056 1917 ἐκεινου
1078 1854 1170 1917 παισί
1191 1873 1249 1915 πο-

163 1944 274 2038 λέμιος
297 1954 380 2037 μετὰ
405 1954 465 2038 την
493 1956 612 2020 s'xss'eoo
641 1951 786 2037 τελευτὴν
815 1953 985 2039 φαινοιμην
1011 1954 1078 2018 νόν.
1120 1951 1158 2016 osi
1185 1948 1248 2036 γὰρ

162 2055 261 2141 μόνον
280 2051 361 2140 όπὲρ
380 2056 439 2120 rosi
460 2055 515 2141 ζῇν
535 2056 653 2119 ἐκεῖνον
673 2049 708 2117 τό
737 2048 908 2117 ἀποθανεῖν
926 2048 1044 2132 αὐτὸς,
1071 2052 1135 2136 εἴγε
1165 2052 1248 2134 ἐξῆν,

157 2153 208 2232 ἰός
228 2148 347 2239 ἥδιστα
368 2145 408 2218 όν
430 2148 578 2236 εἱλόμην,
602 2149 682 2216 ἀλλὰ
700 2152 757 2215 καί
776 2148 856 2229 μετὰ
878 2148 938 2233 την
950 2148 1068 2215 ἐκείνου
1090 2146 1247 2232 selectis,

162 2252 219 2319 τόν
240 2253 348 2318 πάντα
367 2254 528 2338 ἐφορῶντα
542 2245 747 2336 μαρτόρομαι
768 2247 961 2335 ὀφθαλμόν,
980 2245 1023 2323 ὥς
1041 2245 1081 2312 τό
1101 2252 1275 2330 βέλτιστος
1303 2285 1308 2298 ·

122 2352 219 2419 nouus*
240 2356 487 2419 λυσιτελέστατα
501 2351 578 2437 περί
593 2374 628 2416 τε
647 2353 786 2435 γαμετῆς
805 2345 860 2413 καί
871 2349 986 2414 τέκνοιν
1000 2346 1186 2432 διενοούμην
1198 2349 1252 2412 καί

164 2451 269 2517 πιόντα
290 2451 437 2536 πράττειν
456 2450 511 2516 καί
529 2451 728 2538 όφίστασθαι
751 2447 853 2536 πάντα
867 2450 1028 2531 κίνδυνον,
1052 2448 1094 2512 ἵν’
1125 2448 1251 2514 ἐκείνω

166 2574 201 2617 τε
230 2556 295 2616 πᾶν
322 2550 414 2638 όπείη
442 2552 595 2634 δυσχερὲς
617 2548 673 2614 καί
700 2547 740 2614 τὰ
756 2547 923 2630 Ῥωμαίων
949 2550 1004 2616 ἐπὶ
1021 2552 1103 2632 μέγα
1124 2548 1179 2613 καί
1198 2546 1251 2612 ssi-

167 2649 273 2726 τελείοις
289 2647 411 2734 αἴροιτα
433 2652 488 2715 ναί
505 2648 615 2735 τόχης,
634 2651 741 2730 μόναν
759 2646 814 2714 όπί
832 2648 890 2714 cosi
909 2644 1062 2734 παρόντος
1081 2646 1250 2734 σχήματος.

167 2749 244 2813 νννί
259 2772 291 2814 ss
310 2753 371 2833 οιίχ
391 2739 485 2834 ἧττον
503 2747 584 2834 μετὰ
606 2741 669 2817 τόν
685 2746 888 2837 νηροχθόντα
907 2751 984 2837 παρ’
1005 2749 1131 2815 ἐκείνων
1157 2742 1249 2849 πόλι·

238 2907 280 2961 αλ
298 2906 346 2958 καλ
363 2908 454 2961 omi’.

164 3051 279 3113 tineus,
316 3050 443 3104 omuibus
470 3049 505 3103 sd
533 3049 700 3104 audiendum
725 3067 804 3104 sures
830 3048 1030 3121 unigentibus,
1056 3050 1167 3102 tandem
1187 3048 1249 3108 vix,

163 3121 251 3174 veluti
277 3120 467 3173 tinctusutium
498 3122 693 3188 cogitationum
717 3121 879 3175 confusione
901 3120 999 3190 pulsa,
1029 3119 1127 3174 Peioris
1153 3120 1249 3188 placiti

162 3192 236 3252 urei,
254 3193 364 3262 inquit,
382 3190 453 3244 nihil
472 3190 507 3245 de
525 3199 597 3244 stetu
614 3193 751 3261 praesenti
770 3192 968 3245 immutandum
986 3206 1077 3311 ιιειηιιε
1096 3190 1249 3243 novandum

164 3259 337 3330 quidquam,
362 3261 483 3316 noudum
501 3278 544 3313 nse
566 3264 704 3332 poenitet:
731 3262 858 3332 maloque
886 3278 942 3315 nou
967 3261 1143 3313 fucutstibus
1168 3260 1249 3314 modo

165 3331 297 3400 spoliari,
315 3330 363 3384 sed
379 3333 403 3382 si
421 3347 531 3385 necesse
549 3333 617 3395 erit,
636 3334 719 3383 etiam
737 3333 918 3385 cruciamento
935 3333 966 3387 in
984 3349 1096 3401 corpore
1108 3348 1168 3383 mco
1186 3348 1249 3400 per-

164 3401 254 3462 ferse,
279 3417 360 3523 ηφειιι
382 3401 485 3455 bellum
503 3402 583 3456 civile
600 3402 781 3456 introducere.
817 3403 925 3456 Mecum
952 3404 1026 3455 euim
1053 3404 1129 3455 iustu
1153 3404 1258 3465 nostisr

164 3487 248 3591 φφειιι
266 3487 283 3521 a
328 3470 539 3526 adolescentulis
565 3472 669 3529 oderim
688 3474 779 3526 aliena
797 3490 892 3544 rupere
910 3479 940 3526 et
957 3474 1051 3527 lsetsri
1077 3474 1249 3543 deprsedsn·

187 3542 225 3604 ἰ,
243 3542 390 3611 perdendis
409 3542 619 3615 occidendisque
636 3544 803 3597 horninibus.
840 3546 981 3597 Praetereo
1004 3560 1061 3597 non
1085 3543 1159 3614 apud
1186 3544 1250 3597 ber·

163 3610 245 3664 baro·
264 3618 294 3664 et
311 3612 427 3667 Graecos
446 3614 552 3677 solum,
565 3631 682 3686 quorum
702 3631 752 3683 per
769 3631 847 3668 sures
864 3614 1074 3668 necessitudinis
1091 3630 1168 3667 mese
1188 3631 1250 3667 com

165 3682 331 3750 imperatore
349 3683 421 3736 isms
438 3685 580 3754 pervasit?
599 3684 649 3737 sed
670 3692 698 3735 et
723 3701 812 3737 corsus
831 3685 890 3738 solc
913 3685 967 3739 hoc
984 3693 1013 3737 ct
1032 3688 1056 3738 si
1080 3686 1148 3757 quid
1174 3685 1250 3738 sliud

164 3751 318 3805 inanimum
335 3753 533 3808 nominandum
550 3762 607 3819 est,
624 3755 829 3819 erubescerem,
852 3757 875 3808 si
893 3772 967 3809 nunc
982 3761 1046 3826 post
1064 3758 1124 3810 eins
1143 3757 1251 3809 obitum

164 3819 254 3877 hostis
270 3824 380 3878 viderer
407 3823 483 3878 illios
513 3824 586 3878 filiis.
622 3825 685 3878 Nou
705 3833 812 3878 tansum
830 3827 905 3878 enim
927 3843 978 3896 pro
998 3826 1057 3879 eius
1080 3826 1137 3882 sits
1162 3842 1251 3880 meum

164 3893 311 3957 amittere,
332 3895 356 3947 si
375 3895 519 3958 licuisset,
540 3895 706 3949 mirabilius
723 3896 954 3949 voluissem:·scd
974 3902 1081 3965 etpost
1101 3898 1160 3950 eius
1177 3913 1250 3949 mor-

164 3970 222 4015 tem
241 3964 361 4030 (oculum
378 3966 471 4019 omnis
491 3965 644 4019 intuentem
664 3966 761 4037 testor)
779 3969 861 4017 uxori
884 3975 913 4017 et
927 3967 1023 4019 liberis
1047 3983 1127 4036 ιηιιιιιιι
1145 3966 1249 4036 optime

166 4032 277 4101 cupivi,
305 4034 395 4088 omnis
413 4036 550 4097 laceresc
568 4034 660 4088 subire
682 4052 762 4089 omne
789 4036 938 4104 periculum
964 4043 1094 4107 paratus,
1121 4046 1150 4090 ct
1166 4044 1197 4087 ut
1214 4035 1250 4088 ab

167 4100 223 4155 illis
241 4102 351 4159 obesset
370 4108 456 4159 omnis
474 4106 600 4160 molestis
619 4115 647 4158 et
665 4114 697 4157 ut
716 4123 759 4158 res
777 4105 895 4159 llomsns
918 4106 953 4157 od
971 4106 1083 4176 gloriam
1106 4116 1136 4160 et
1160 4106 1249 4158 fetici-

167 4177 261 4237 utem,
278 4191 323 4228 me
336 4175 410 4229 hunc
428 4177 532 4229 cultum
550 4175 697 4237 retinente,
715 4177 815 4228 eximie
831 4175 984 4246 proliceret
1014 4178 1093 4228 Nunc
1112 4191 1175 4228 vcro
1193 4191 1250 4229 uon
1360 4216 1366 4225 .

167 4243 258 4299 miuus
276 4254 340 4319 post
361 4244 465 4300 bellom
490 4245 526 4300 sb
549 4248 617 4319 ipsis
640 4247 719 4301 nulla
737 4244 772 4302 de
789 4262 869 4302 cuuss
886 4254 915 4301 ct
932 4246 1127 4313 iniustissime,
1151 4252 1182 4300 ut
1199 4263 1249 4319 ego
