2934 4700
493 323 776 390 msronranrnr
804 330 859 391 111.
887 327 941 398 52.
1170 296 1255 385 tot

173 475 353 565 συμφοράς·
397 472 592 553 Ἀπὸκουκοι
623 474 697 544 διδ
722 480 821 561 μέγας
844 477 919 556 tot}
938 478 1017 560 net
1036 482 1098 544 rev
1118 482 1320 556 Σκευανοπ.
1332 491 1398 559 ομ

171 579 228 664 τήν
257 573 401 662 εἰσβολήν
423 573 627 661 Ἀνδρόνικον
646 576 868 660 Παλοιολόγον
897 575 951 642 τόν
972 577 1256 663 πρωτοοτρότορα,

174 675 209 752 ὃς
229 670 268 762 ήν
286 675 430 759 γαμβρός
452 675 546 763 αὐτῷ,
571 670 709 760 ἄρχοντα
729 676 894 760 συμπάσης
916 674 1082 753 ἀποδεόξας
1094 679 1148 759 τῆς
1160 702 1258 759 στρα-

172 781 243 852 τιαῖς
263 779 318 839 καὶ
345 773 400 840 τόν
422 771 501 861 πρός
521 774 751 857 Διδυμότειχον
779 778 952 857 ἐπιτρέψας
978 773 1126 857 πόλεμον,
1160 773 1258 849 αάτός

153 879 217 952 5εἰς
244 872 424 955 Βυζάντιον
449 871 593 957 ἐπανῆκε.
641 871 887 960 πρωτοοτράτοορ
920 876 956 939 δέ
984 873 1103 955 ουχνάς
1123 874 1257 937 ἐποιεῖτο

171 975 255 1040 κατὰ
277 977 514 1057 Διδυμοτείχου
545 971 703 1059 ἐκδρομὰς
729 975 785 1037 κατ’
811 972 905 1038 πόλιν
931 971 1102 1058 ἀνέστρεφε
1122 974 1281 1056 suxisset)

172 1080 214 1140 ου’
226 1076 286 1160 γάρ
300 1069 352 1158 ἦν,
376 1069 436 1153 lips
461 1070 614 1137 κακόσειε
635 1075 844 1158 trop-trepton,
867 1066 994 1146 οόδενός
1007 1061 1093 1145 ὄντος
1112 1068 1172 1147 ἔξω
1193 1095 1258 1135 τει-

171 1181 250 1260 χῶν.
300 1171 330 1237 oi
362 1175 397 1238 δὲ
417 1170 506 1238 ἔνδον
539 1174 747 1256 στρατιῶται,
781 1171 878 1236 reiro&
899 1167 1158 1254 ἀναχωροῦντος,
1180 1167 1256 1246 τοός

170 1272 348 1357 περιοίκους
366 1268 546 1357 ληϊζόμενοι
564 1271 621 1335 καί
639 1278 723 1335 σῖτον
743 1270 966 1355 διαρπάζοντες
985 1269 1041 1332 καί
1058 1270 1255 1351 βοσκήματα,
1311 1285 1315 1292 ·

135 1375 322 1458 ιοδιέφερον
353 1370 407 1437 τόν
432 1370 583 1452 πόλεμον,
612 1368 704 1434 οόδέυ
724 1369 850 1451 ἀγεννὲς
880 1359 951 1431 orire
976 1368 1161 1449 πράξαντες,
1182 1365 1255 1431 οὕτε

171 1470 383 1556 μελλήσαντας
403 1469 458 1535 διό
480 1467 538 1554 τήν
556 1466 690 1534 ἔνδειαν.
729 1462 915 1541 ἐπελθόντος
929 1468 964 1530 δέ
978 1459 1087 1541 αότοῐς
1100 1468 1157 1529 τοῦ
1168 1489 1256 1550 προο-

169 1566 378 1657 τοοτράτορός
398 1592 483 1650 ποτε,
506 1569 636 1651 πέμψας
659 1562 676 1629 ό
696 1569 924 1650 μήτραπολότής
943 1561 1056 1647 ἐδήλου
1078 1561 1131 1627 διό
1153 1587 1254 1648 γραμ-

171 1669 296 1754 μάτων,
317 1663 513 1753 οὖς-ἀνόνητα
533 1663 699 1732 κόπτονται
717 1662 773 1730 κατ’
792 1664 1028 1749 ταλαιπωροῦσι
1041 1659 1096 1725 διό
1108 1660 1162 1727 τόν
1176 1658 1256 1745 πρός

168 1772 302 1852 βασιλέα
323 1767 478 1850 πόλεμον,
498 1758 525 1857 ᾦ
544 1763 752 1830 δουλεύσουσι
771 1764 894 1840 πάντως
912 1756 991 1844 μετό
1013 1757 1138 1845 μικρὸν,
1163 1758 1259 1823 ου’τοό
1355 1761 1358 1765 ’

129 1873 201 1934 τότε
222 1869 385 1954 ἀπέραντα
404 1869 568 1940 πονοῦντες
587 1867 643 1928 καὶ
660 1874 726 1940 τοῖς
746 1856 853 1938 ἄλλοις
872 1858 969 1924 αἴτιοι
987 1855 1144 1943 γινόμενοι
1155 1852 1255 1940 μεγό-

166 1977 230 2034 λων
258 1967 442 2054 συμφορῶν.
482 1960 618 2051 παρήκει
637 1987 689 2044 τε,
711 1962 798 2049 αὐτῷ
824 1961 1027 2040 πειθομένους
1055 1960 1118 2021 τάκ
1148 1960 1253 2020 κακῶν
1335 2019 1342 2028 ,

166 2070 356 2150 ἀπέχεσθαι.
396 2068 427 2130 st
445 2062 507 2150 γὰρ
530 2058 587 2127 osis
609 2063 747 2144 ἀποβαόη
768 2061 919 2139 τοιαῦτα,
953 2048 1005 2120 οἷα
1026 2053 1087 2138 ἐγώ
1108 2056 1199 2137 λέγω,
1221 2051 1344 2126 ἕ-Ρ,5ι8

165 2190 311 2253 φασκεν,
334 2164 372 2228 osi
394 2160 542 2247 λελόληκε
562 2160 599 2226 τό
620 2162 746 2240 πνεῦμα
765 2154 801 2221 τό
825 2153 914 2238 ἅγιον
933 2156 967 2218 ἐν
986 2155 1067 2234 ἐμοί.
1090 2156 1148 2215 τοῦ
1168 2175 1250 2232 rreu-

166 2268 306 2346 πομέυου
338 2266 374 2329 δὲ
401 2257 650 2346 ἀπαγορεύοντος
686 2263 746 2343 τήν
771 2248 879 2341 ἄφιξιν
911 2248 965 2318 διό
993 2247 1029 2313 τό
1062 2251 1246 2329 δεδοικέναι,

121 2365 206 2450 πομή
237 2368 342 2441 κακοῖς
367 2364 422 2429 ὑπ’
448 2365 575 2427 ἐκείνων
602 2358 689 2447 πόδῃ
710 2360 841 2422 τοιαῦτα
868 2352 1087 2435 ἀπαγγέλλων,
1121 2352 1247 2414 ἐκέλευε

162 2463 317 2552 δοβρεἴν,
339 2459 382 2539 ὥς
403 2457 497 2527 οόδὲν
516 2460 783 2544 όποοτησόμευον,
812 2449 836 2540 ή
854 2447 973 2538 πληγὰς
994 2450 1110 2534 ἀλιγας.
1152 2444 1250 2511 ἀκαδ

164 2565 342 2648 ἀπέβαινεν,
363 2558 385 2650 ᾗ
403 2564 520 2638 ἐκεῖνος
541 2555 760 2645 προηγόρευεν.
821 2587 825 2599 =

246 2663 303 2746 νβ.
335 2659 435 2730 Ἅννα
456 2665 492 2727 tt
519 2659 706 2744 ἧβασιλίς,
725 2658 796 2720 ἐπεὶ
821 2652 955 2718 πύθοιτο
976 2643 1268 2729 Καντακουζηνόνῃ

162 2758 220 2828 τόν
238 2766 370 2844 βασιλέα
389 2762 504 2848 πολλῆς
532 2757 657 2831 εόνοίας
685 2755 885 2820 ἀπολαύοντα
905 2747 992 2834 παραὶ
1023 2742 1138 2834 Κρόλῃ
1153 2793 1164 2830 ,
1182 2769 1244 2811 πα-

232 2949 257 3002 γ.
274 2929 396 2982 κακώσει
415 2931 443 2984 Ρ.
463 2935 492 2981 et
509 2927 546 2979 Μ.
620 2926 658 2979 18.
676 2923 863 2994 πεμπομένου
884 2919 930 2982 rt,
948 2882 1158 2985 πεπαγυμέκον
1174 2908 1206 2965 r:

159 3077 282 3126 stratore,
299 3084 398 3135 genero
414 3083 473 3130 suo,
488 3079 613 3133 supremo
628 3062 762 3116 exereitus
780 3057 849 3111 duce
870 3056 1025 3124 designato,
1044 3057 1073 3104 et
1088 3046 1242 3114 Didymoti·

159 3142 252 3195 ehensi
272 3139 345 3190 bello
364 3138 391 3188 ei
408 3136 614 3197 commendato,
639 3133 797 3199 Byzantium
815 3128 924 3197 repetit.
958 3123 1133 3189 palaeologus
1151 3117 1241 3184 Didy-

158 3209 308 3267 snoticlrurn
326 3210 483 3278 frequenter
504 3206 641 3257 incursare
659 3212 687 3254 et
701 3202 794 3253 subito
813 3214 841 3249 se
859 3197 993 3265 recipere:
1019 3209 1070 3244 nee
1088 3191 1237 3243 enituerat

159 3282 256 3337 ineolis
273 3277 391 3331 nocendi
411 3276 531 3339 occasio,
550 3292 611 3328 cum
629 3282 703 3325 extra
724 3286 815 3322 muros
834 3267 904 3321 nihil
920 3269 1080 3334 superesset.
1100 3260 1136 3311 Ar
1159 3270 1240 3327 prae-

159 3352 281 3412 sidiarii,
300 3353 359 3419 ipso
377 3346 531 3408 recedente,
549 3346 653 3398 vicinos
671 3338 863 3410 depopulando
880 3349 1072 3402 annonamque
1091 3346 1123 3381 ao
1138 3343 1239 3396 pecora
1312 3382 1320 3397 ρ

158 3421 315 3493 diripiendo
334 3419 437 3471 bellurn
454 3415 624 3472 tolerabant:
650 3429 701 3467 nec
718 3412 754 3464 ob
772 3412 893 3479 inopiam
912 3408 1000 3459 victus
1018 3400 1168 3473 quidquam
1184 3415 1238 3467 pa-

157 3512 217 3546 rurn
235 3493 315 3545 virile
339 3500 387 3541 aut
408 3489 547 3541 faciebant
566 3495 615 3538 aut
631 3484 730 3537 lecturi
749 3491 833 3534 erant
871 3476 939 3530 Cum
957 3472 1106 3547 aliquando
1124 3467 1236 3521 adortus

157 3571 229 3616 esset
248 3563 311 3615 illos
328 3567 525 3628 protostrator,
543 3574 592 3627 per
608 3555 752 3626 epistolam
770 3549 945 3618 metropolita
969 3544 1092 3605 monuit,
1110 3556 1157 3592 eos
1174 3537 1236 3591 bel·

155 3632 298 3704 ligerando
324 3648 385 3682 cum
407 3630 581 3699 imperatore,
597 3629 627 3679 in
653 3627 729 3678 cuius
749 3627 885 3692 potestate
905 3616 1033 3677 omnino,
1054 3629 1105 3665 nee
1125 3612 1165 3662 iss
1183 3608 1233 3661 diu

155 3714 220 3773 post
237 3704 323 3755 futuri
344 3704 415 3764 sint,
432 3700 508 3752 inani
525 3697 620 3750 labore
638 3694 794 3766 defatigari:
813 3707 864 3745 nec
881 3689 917 3740 ad
934 3689 1015 3738 finem
1033 3685 1150 3752 cogitata
1167 3695 1233 3749 per-

156 3776 303 3837 ducturus,
328 3787 389 3823 cum
408 3772 519 3823 interius
542 3766 666 3821 laborare
684 3781 741 3818 nou
759 3764 887 3817 desinant
903 3767 932 3810 et
949 3756 1011 3807 aliis
1028 3767 1124 3823 magua
1145 3750 1233 3802 detri-

155 3854 248 3897 menta
265 3843 404 3896 invehant.
440 3838 609 3894 Hortabatnr
626 3837 731 3905 igitur,
748 3844 781 3887 ut
796 3834 851 3886 sibi
870 3827 1071 3896 obsequentes,
1099 3819 1234 3872 maleficia

156 3917 323 3967 omitterent
359 3914 388 3965 si
407 3912 480 3964 euim
498 3926 555 3963 non
573 3907 727 3969 evenerint,
744 3920 815 3974 quae
834 3917 883 3972 ego
902 3897 982 3959 clleo,
999 3893 1102 3964 inquit,
1119 3906 1174 3944 non
1192 3894 1235 3941 est

154 3985 263 4038 locutus
280 3985 310 4036 in
332 4000 375 4035 me
394 3982 512 4051 Spiritus
533 3987 648 4033 sanetus.
685 3975 844 4030 Tabellario
864 3972 917 4022 iter
937 3965 1076 4019 abnuente
1094 3959 1130 4016 ob
1149 3961 1235 4011 tluro·

157 4070 232 4119 rem,
259 4072 294 4108 ne
319 4056 370 4106 ista
395 4052 429 4104 sle
448 4067 526 4103 causa
545 4048 693 4102 haberetur
710 4046 801 4107 mele,
827 4042 970 4114 episcopus
988 4037 1069 4087 iussit
1085 4047 1143 4086 esse
1159 4029 1234 4081 hono

157 4128 267 4177 animo:
299 4121 489 4177 tantummodo
519 4122 592 4173 enim
617 4118 727 4186 aliquot
754 4115 846 4185 plagas
868 4110 1023 4162 relatorum.
1059 4103 1150 4173 Atque
1167 4099 1236 4152 hacc

156 4196 343 4263 utpraedieta
363 4195 490 4255 fuerant,
506 4192 544 4244 ita
562 4192 721 4245 evenerunt.

173 4330 176 4338 Ι
227 4270 268 4320 52.
314 4266 391 4316 Anna
420 4276 482 4315 vero
507 4260 689 4332 imperatrix,
715 4260 749 4306 ut
776 4249 994 4304 Cantatumnum
1024 4239 1100 4314 apud
1129 4235 1237 4291 Cralem

189 4367 397 4423 Camacuzenus
415 4366 451 4419 lt
1005 4360 1039 4399 2⁰
