2934 4700
158 304 161 312 ’
245 271 330 377 άθο
645 301 923 370 clericorum

100 454 402 539 ωηηιρητυίας,
426 453 487 517 ruia
515 444 698 520 ἑαλωκότων
720 454 795 536 δόο,
823 457 878 522 τόν
907 480 939 522 τε
965 455 1137 539 Ἀπελμενὲ
1169 462 1224 525 καί
1250 461 1332 526 Θεό.

246 553 348 638 διορον
367 550 420 616 τὸν
436 551 674 635 Καβαλλάριον,
698 554 777 638 πρός
797 554 947 636 βασιλίδα
971 548 1157 642 fiammae
1183 564 1329 641 πέμψας,

214 650 382 734 ρμισθοός
401 646 466 739 ᾔτει
486 656 542 736 τῆς
565 657 750 736 συμμαχίας
768 657 824 718 καί
849 656 904 740 τῆς
927 653 1004 740 πρός
1020 653 1075 720 τόν
1096 660 1254 738 πολέμιον,
1270 661 1331 724 αό-

243 752 288 838 tq]
318 746 522 834 γεγενημένης
539 750 653 835 μάχης.
694 752 772 835 ἡδὲ
787 754 929 834 άσμένιυς
943 779 976 819 τε
1000 756 1124 838 ἐδέχετο
1156 754 1212 840 την
1241 754 1332 840 αἴτη·

243 875 303 917 σιν
322 848 378 913 καί
396 849 547 934 δεσπότην
570 850 747 915 άπεδεάινυ.
776 857 943 939 πρεσβείαν
964 857 999 917 tt
1023 853 1078 917 κατ’
1098 852 1178 937 πρός
1194 857 1347 935 βασιλέαό

243 951 373 1030 πέμψας
402 946 502 1013 ἐδεῖτο
535 957 644 1031 τυχεῖν
675 951 873 1034 συγγνώμης,
913 951 1065 1035 α’γντάμων
1098 948 1183 1017 οότοο
1222 956 1333 1040 φανείς

244 1049 300 1113 aei
322 1049 426 1121 κακοῖς
446 1040 664 1129 άμειιμάμενος
685 1047 740 1113 τόν
764 1050 945 1134 εὐεργέτην·
965 1050 1147 1135 έπημέλλετό
1169 1075 1203 1115 τε
1228 1055 1329 1135 μηδὲν

245 1141 476 1230 άγνιομονησειν
500 1144 560 1210 ἔτι.
594 1148 746 1229 βασιλεάς
763 1151 798 1212 δὲ
818 1147 898 1229 rope
930 1153 1141 1234 τιμωρεῖσθαι
1171 1145 1215 1227 οἷς
1245 1150 1329 1233 άμή-

246 1267 347 1327 χανον
376 1244 459 1329 όριόν
487 1247 542 1309 καί
572 1244 607 1308 τό
641 1249 790 1327 πολέμιον
820 1246 904 1330 ἔχειν
945 1246 1144 1330 Μομιτζιλον
1177 1249 1328 1331 βλάπτειν

246 1342 420 1425 δυνάμενον
458 1344 501 1420 τός
538 1338 738 1426 άλυσιτελὲς,
771 1347 969 1429 διηλλάττετό
1006 1369 1040 1412 τε
1072 1344 1128 1412 καί
1157 1353 1367 1433 παρείχετοιο

243 1440 449 1527 συγγνώμην,
480 1440 673 1527 προσήκοντα
693 1441 856 1526 όπομένων
876 1450 920 1534 τῷ
939 1450 1052 1533 καιρῷ.
1074 1449 1269 1528 πεπυσμένος
1289 1450 1326 1512 δὲ

233 1540 345 1607 αὐτόν
363 1540 419 1605 καί
438 1539 524 1626 παρά
546 1543 706 1623 βασιλίδος
728 1542 879 1629 δεσπότην
898 1547 1074 1629 γεγονέναι,
1104 1543 1163 1628 τὴν
1183 1551 1330 1627 σεβαστο-

216 1637 399 1726 υκράτορος
427 1638 526 1716 αότός
552 1646 717 1725 παρείχετο
742 1643 846 1725 ἀξίαν,
869 1648 923 1708 κατ’
945 1642 1031 1719 ἔδοξε
1051 1642 1091 1707 τό
1113 1642 1227 1707 τοότοο
1250 1648 1333 1726 μάλ·

245 1747 299 1806 λον
325 1735 400 1824 ἢτά
422 1743 587 1821 βασιλίδος
610 1745 821 1824 προελέσθαι,
851 1747 906 1807 καί
925 1740 1048 1828 ἔστεργε
1067 1740 1102 1807 τό
1123 1739 1187 1806 άπὸ
1209 1748 1336 1824 βασιλεῖ

244 1837 396 1920 τετάχθαι
416 1842 513 1923 δῆθεν
532 1841 581 1904 ἐπ’
602 1841 705 1923 ὀλίγον
724 1841 850 1925 χρόνον.
892 1845 950 1907 τοῦ
967 1839 1081 1927 χρόνου
1104 1844 1139 1905 δὲ
1159 1844 1369 1917 ἑντοότοιςιό
1443 1842 1444 1865 ³

246 1935 480 2024 παρῳχηκότος,
500 1933 536 2002 όν
559 1937 588 2002 οἱ
608 1939 765 2023 βάρβαροι
789 1942 1008 2025 ἑπηγχειλαντο
1031 1937 1251 2025 συμμαχήσειν
1270 1944 1332 2022 βα·

246 2041 341 2117 σιλεῖ,
364 2037 534 2120 ἐμέμνηντο
554 2034 719 2103 ἐπανόδου.
760 2039 910 2120 βασιλεός
931 2038 1043 2105 albrat*
1061 2034 1156 2114 αόθις
1175 2041 1331 2123 ἐπεχείρει

248 2144 390 2200 συνεῖναι
409 2140 540 2199 πείθειν·
562 2135 607 2219 μη
630 2142 835 2219 πειθομένους
855 2143 891 2203 δὲ
906 2139 1034 2222 α’πέλυε,
1056 2140 1111 2203 καί
1124 2140 1329 2225 ἐπεραιοῦντο

249 2233 294 2310 εἷς
312 2235 421 2298 Ἀσίαν
442 2236 484 2297 δι’
501 2230 737 2318 Ἑλλησπόντου.

162 2358 251 2431 Mor
342 2330 398 2399 oa'.
446 2337 517 2400 Καὶ
544 2332 696 2416 βασιλεός
725 2334 743 2399 δ
779 2335 846 2411 νέος
873 2331 1093 2418 Παλαιολόγος
1126 2332 1273 2419 ἐνόσησεν
1299 2335 1372 2401 ἕντο

249 2430 351 2524 τοότιρ
365 2437 409 2521 τῷ
428 2434 534 2522 χρόνῳ
556 2433 637 2499 κατά
658 2432 716 2518 την
731 2433 923 2519 Ἡράκλειαν
935 2434 1058 2519 νόσημα
1078 2434 1187 2517 δεινὸν,
1199 2432 1234 2498 όν
1248 2433 1333 2516 ἔχων

225 2531 272 2609 ni
300 2529 498 2619 πατριάρχης
523 2531 606 2613 μετά
629 2557 720 2598 τινων
747 2536 957 2618 συγκλητικῶν
991 2535 1036 2610 εἰς
1066 2533 1240 2613 Βυζάντιον
1260 2528 1334 2599 άνέ-

252 2653 400 2718 στρεφεν.
450 2632 644 2709 Ἀπόκαυκος
671 2635 707 2698 δὲ
736 2632 754 2697 ό
779 2635 877 2715 μέγας
903 2630 978 2711 δοόξ
1005 2629 1082 2715 μετά
1110 2638 1164 2718 τῆς
1181 2636 1334 2716 στρατιάς

326 2765 351 2822 5.
366 2760 534 2821 ἀπεδείκνυε
551 2765 578 2817 Ρ.
653 2784 692 2820 ιο.
712 2766 751 2825 oe
766 2765 822 2832 M„
841 2763 892 2832 ἤδη
906 2767 935 2820 P.

259 2927 354 2964 manua
375 2911 422 2963 illa
439 2912 629 2982 praedatoria,
657 2914 691 2966 de
714 2929 768 2983 qua
794 2929 890 2983 cupra,
911 2911 1051 2973 discessit,
1069 2908 1137 2962 duoa
1157 2908 1192 2963 de
1210 2909 1332 2981 captivis,

259 2984 435 3054 Apelmenem
454 2991 483 3035 et
500 2983 675 3037 Theodorum
694 2982 877 3036 caballarium
897 2982 931 3033 at
951 2982 1055 3032 Annam
1076 2982 1274 3049 imperatricem
1292 2983 1333 3032 le·

255 3062 315 3123 gat,
339 3054 478 3106 societatis
503 3063 532 3107 et
557 3056 658 3125 proelii
676 3072 737 3106 cum
756 3054 815 3106 eiua
833 3053 911 3105 horte
929 3051 1063 3103 commisii
1086 3053 1237 3119 proemium
1255 3052 1332 3120 petit.

255 3124 347 3195 Quae,
363 3125 500 3193 petitione
519 3125 639 3178 libenter
657 3125 788 3186 admista,
807 3124 948 3192 despotam
968 3121 1045 3172 illum
1063 3130 1143 3173 creat.
1185 3123 1246 3191 lpae
1264 3138 1334 3191 qno·

256 3211 330 3264 que,
356 3195 439 3247 mireo
477 3196 512 3247 ad
543 3198 734 3265 imperatorem
765 3202 887 3255 oratore,
918 3191 1000 3245 huius
1029 3190 1190 3243 stoliditatis
1217 3207 1283 3244 auae
1308 3197 1335 3242 et

255 3263 326 3316 male
343 3264 516 3318 benemerito
540 3284 589 3319 ruo
610 3268 710 3319 relatae
729 3267 830 3336 gratiae
850 3265 958 3316 veniam
976 3263 1097 3329 petitae
1119 3260 1154 3312 cle
1169 3269 1261 3315 cetero
1278 3277 1333 3314 me-

257 3334 329 3385 liora
347 3337 491 3403 promittit
530 3338 679 3405 Imperator
698 3337 870 3403 intelligens,
894 3343 923 3386 et
940 3332 1060 3386 vindicta
1081 3332 1180 3400 punire
1199 3333 1335 3385 Monim-

256 3403 315 3455 lum
337 3422 419 3474 quam
442 3413 515 3456 earet
541 3406 667 3468 dillicile,
698 3414 727 3458 et
752 3406 858 3458 bostem
882 3402 999 3466 habere,
1024 3402 1072 3471 qui
1097 3399 1194 3454 oberre
1222 3403 1336 3472 graviter

256 3480 365 3594 porret,
383 3491 463 3543 quam
481 3491 576 3541 parum
598 3479 676 3538 utile,
696 3486 802 3546 tempus
821 3473 951 3528 idoneum
969 3480 1141 3541 exuperiam,
1167 3487 1197 3523 ee
1215 3471 1335 3525 reconci-

271 3542 320 3594 iari
339 3557 432 3611 paraur
462 3553 504 3594 eat
522 3553 550 3598 et
573 3546 694 3613 ignorit,
722 3547 893 3614 audiensque
910 3544 944 3593 ab
963 3542 1134 3613 imperatrice
1152 3547 1336 3595 renuntiatum

260 3612 420 3681 deapotam,
447 3613 670 3666 eebaatocratoris
698 3615 803 3667 bonore
830 3618 888 3667 eiur
919 3614 1078 3684 dignitatem
1108 3615 1264 3666 cumulavit.
1303 3613 1337 3664 tt

258 3685 332 3736 visus
356 3692 397 3733 eat
421 3680 513 3745 hulua,
530 3700 611 3754 quam
635 3686 824 3753 imperatricis,
851 3684 1010 3745 rtudiorlor,
1036 3682 1157 3752 bonique
1189 3682 1340 3743 consulere,

258 3752 311 3808 rub
336 3752 526 3822 imperatorem
556 3755 694 3807 redactum
722 3772 797 3814 erae,
827 3754 875 3808 recl
900 3771 956 3805 non
983 3754 1048 3816 diu,
1084 3761 1115 3803 ut
1140 3770 1204 3804 mox
1225 3753 1340 3804 dicetur.

259 3824 360 3893 Elapso
388 3826 492 3876 interea
521 3828 627 3894 spatio,
652 3843 708 3896 quo
734 3844 763 3877 ae
791 3825 902 3877 barbari
921 3823 1077 3892 imperatori
1095 3824 1257 3874 militaturos
1274 3837 1341 3888 rpo-

260 3891 431 3963 ponderant,
450 3899 617 3948 mentionem
638 3898 741 3949 reditur
762 3898 894 3949 iecerunt.
926 3894 1034 3963 Quibus
1054 3893 1198 3962 imperator
1215 3900 1247 3943 ut
1264 3891 1341 3942 ultra

261 3974 422 4025 manerent,
451 3982 513 4015 cum
542 3985 598 4018 non
626 3967 804 4034 persuaderet
830 3982 995 4035 operamque
1021 3963 1145 4028 luderet,
1163 3979 1207 4015 eor
1225 3962 1342 4018 dimisit.

261 4035 305 4088 tu
325 4051 374 4103 per
390 4034 596 4102 Hellespontum
615 4038 644 4089 in
662 4039 750 4089 Asiam
770 4040 968 4105 renavigarunt

333 4121 374 4168 7¹·
411 4105 461 4155 Per
487 4104 561 4156 idern
586 4117 692 4176 tempus
718 4110 862 4176 imperator
884 4104 1061 4172 Palaeologur
1082 4102 1229 4156 Heracleae
1248 4100 1342 4154 morbo

261 4174 375 4243 ancipiti
397 4174 559 4237 laborabat,
578 4194 659 4246 quem
677 4177 831 4247 patriarcha
849 4185 877 4229 et
894 4176 1020 4228 nonnulli
1040 4191 1166 4246 proceres
1184 4173 1344 4242 Byzantium

262 4244 437 4300 reduxerunt.
482 4243 659 4317 Apocauehue
676 4257 769 4302 autem
785 4264 897 4318 magnus
916 4247 972 4301 dux
987 4262 1048 4298 eum
1065 4246 1206 4309 exercitu,
1226 4256 1343 4298 summae
