2934 4700
203 256 258 346 58
607 286 889 357 muriceam

53 439 310 526 Miritrdssulu
337 433 434 522 εἶναι,
463 438 632 527 τριάκοντα
663 450 851 531 παρείχοντο
875 442 985 522 αάτοίς
1005 445 1140 531 ἡμέραι,
1174 450 1211 514 ἒν
1231 442 1293 525 αἷς·

199 541 264 608 ἔδει
285 539 582 627 ἐπαναστρίψαντας
613 536 636 628 ἦ
661 541 718 628 τάν
746 539 847 609 odeas
868 544 996 630 εἰρήνην
1017 547 1286 630 ἐπιβεβαιοῦνκαί

169 640 258 717 στάς
275 637 432 721 σπονδάς,
465 632 487 724 ἢ
506 639 643 723 πόλεμον
662 643 892 727 καταγγέλλειν.
933 646 963 707 οἱ
982 647 1042 726 μὲν
1062 638 1118 710 ode
1133 641 1283 726 Ἀλεξάν-

200 744 278 826 δρου
305 742 453 826 πρέσβεις
494 738 643 817 τοιαύτας
671 741 849 827 ἀποκρίσεις
875 741 963 829 παρά
987 748 1045 809 τοῦ
1070 743 1208 829 μεγάλου
1230 749 1283 811 de-

198 838 326 921 ξάμενοι
345 836 550 924 deneardus,
582 840 664 926 πρὸς
686 839 744 925 τὴν
764 844 881 907 οἰκείαν
901 844 1064 929 ἐπανῆκον.
1103 846 1229 927 βασιλίς
1248 843 1305 913 δὲό
1329 850 1334 867 ’

197 938 253 1005 καί
280 937 302 1023 ἦ
329 938 499 1023 σάγκλητος
524 942 629 1022 πᾶσα,
662 936 846 1020 ἐθαύμαζόν
876 965 910 1005 τε
936 946 994 1023 τῆς
1013 945 1167 1019 συνέσεως
1187 942 1285 1008 αάτάν

197 1043 254 1105 καί
276 1038 414 1123 χάριτας
432 1030 552 1126 ᾔδεσαν
568 1038 705 1121 πολλάς,
733 1034 785 1105 ὅτι
804 1038 860 1116 ode
881 1044 974 1107 αυ’τοι“
993 1034 1167 1128 ἀρ’ρώδουν
1186 1044 1221 1108 ἐν
1246 1054 1292 1133 τῇ·

197 1138 371 1225 προτεραίᾳ
391 1135 448 1201 καὶ
459 1135 540 1223 πρὸς
551 1136 606 1213 σάς
623 1137 699 1202 οὐδὲ
714 1136 882 1222 ἀπολογίας
892 1134 1048 1226 εὐπόρουν
1060 1139 1286 1227 εάπροσώπου,

197 1236 267 1301 ἀλλ’
296 1231 414 1324 ἀπορία
435 1234 590 1301 πάντοθεν
610 1239 812 1320 συνείχοντο,
845 1235 973 1313 τούτους
994 1232 1078 1303 οὕτω
1099 1242 1285 1325 κατέστησεν

198 1328 297 1409 αάτὸς
317 1336 492 1418 περιδεεῖς,
522 1330 612 1400 ώστε’
622 1335 839 1419 ἀμελήσαντας
857 1339 920 1401 τοῖν
940 1330 1044 1401 ἀλλων
1064 1340 1191 1403 δεῖσθαι
1212 1341 1325 1425 aspiro

196 1438 250 1520 τῆς
273 1437 486 1519 προθεσμίας,
521 1434 564 1511 oie
583 1438 661 1520 περί
675 1459 759 1510 τινος
779 1436 961 1520 ἀναγκαίου.
1000 1434 1080 1502 ἀλλά
1101 1439 1202 1504 ταῦτα
1224 1439 1285 1522 μὲν

201 1538 247 1610 εἰς
267 1536 425 1604 τοσοῦτον.

165 1655 190 1709 1>
277 1633 315 1719 η’.
350 1631 389 1698 Ὁ
410 1635 508 1716 μέγας
529 1634 565 1698 dd
584 1634 766 1717 δομέστικος
786 1645 852 1715 τοῖς
879 1639 939 1717 μὲν
966 1636 1175 1723 στρατιώτας
1202 1635 1281 1703 κατά

90 1751 123 1804 v.
134 1750 187 1821 304
198 1735 304 1810 πόλεις
317 1735 439 1799 ἐκέλευε
454 1730 507 1798 διά
527 1730 723 1819 γραμμάτων
740 1734 1051 1822 παρασκευάζεσθαι,
1072 1738 1133 1820 ώς,
1154 1733 1195 1823 ἢν
1215 1738 1283 1826 δίῃ,

196 1830 383 1918 πολεμήσων
409 1841 474 1908 τοῖς
500 1838 640 1910 Μυσοῖς.
688 1831 771 1920 ἀράν
798 1836 834 1900 ἀὲ
854 1840 894 1900 od
913 1840 972 1902 eod
988 1836 1163 1922 καταλόγου
1181 1834 1343 1923 μόνουιό’

194 1937 253 2000 τοῦ
280 1935 505 2019 στρατιωτικοῦ
525 1932 678 2016 πολλοὺς,
706 1933 788 2000 ἀλλά
809 1938 866 2001 καί
883 1938 945 2002 τᾶν
963 1929 1067 2013 ἀλλων
1084 1941 1142 2002 odas
1163 1940 1287 2022 ὀλίγους

195 2029 354 2120 προφάσει
363 2034 420 2097 rosi
428 2031 474 2117 μή
484 2029 540 2109 τάς
550 2031 637 2118 παρά
646 2036 801 2116 βασιλέως
812 2030 930 2125 ἑκάστῳ
941 2039 1126 2120 τεταγμένας
1134 2038 1286 2123 χορηγιλις

196 2131 364 2218 ἀκεραίους
377 2125 479 2217 εἶναι,
500 2130 697 2198 παντάπασιν
718 2134 911 2216 ἀμελοῦντας
932 2133 1011 2221 πρὸς
1034 2133 1094 2213 τάς
1120 2138 1286 2223 στρατείας

100 2246 127 2298 Ρ.
138 2231 251 2319 3γόκαλ
268 2234 326 2318 τῆς
347 2233 381 2310 ἐξ
401 2232 507 2315 odedu
526 2230 682 2319 ἀφελείας
703 2224 960 2319 ἀποστεροῦντας,
976 2232 1011 2301 τά
1043 2232 1166 2317 κοινὸν,
1196 2235 1285 2301 ἀστοί·

193 2353 299 2414 πτετο,
311 2324 387 2396 ὅθεν
400 2322 441 2396 ἀν
460 2330 595 2411 descisse
618 2355 652 2397 τε
670 2334 726 2416 τῆς
744 2328 909 2419 πιεζοάσης
928 2332 1065 2419 ἀπορίας
1087 2327 1322 2416 ἀπαλλάξαι,εο

193 2428 228 2497 τά
251 2433 393 2495 ἐλλεῖπον
420 2425 542 2520 ἓκάστιρ
565 2427 643 2516 πρὸς
662 2428 719 2516 τήν
739 2433 775 2496 ἐκ
794 2431 949 2512 βασιλέως
969 2431 1120 2519 πρόνοιαν
1140 2431 1282 2518 daoniu-

195 2526 318 2615 ρώσας,
346 2531 402 2594 καί
428 2528 523 2607 αὐτὸς
542 2530 650 2605 αὐτοῖς
668 2526 749 2615 πρὸς
770 2531 841 2597 δίον
859 2528 1018 2617 χρήσαιτο
1036 2527 1171 2620 ἑκάστω,
1199 2530 1283 2597 πάν·

195 2652 253 2704 τας
281 2626 361 2712 πρὸς
380 2627 417 2693 τὸ
444 2632 534 2716 κοινῇ
553 2629 736 2695 λυσιτελοῦν
761 2629 929 2709 ἀποδείξας
948 2628 1218 2716 σουιισφίροντάς
1237 2653 1292 2695 τι.-

195 2721 275 2792 odem
297 2728 333 2793 di
352 2723 567 2813 περὶτούτων
587 2728 674 2818 αιίτρῖ
697 2730 898 2815 φροντίζοντι
917 2728 998 2816 πρὸς
1016 2725 1148 2810 ἑαυτὸν,
1170 2723 1281 2794 ‹isso-

251 2909 472 2982 ιαμιλίσαντοι
487 2912 514 2966 Ρ.
562 2857 856 2982 κᾶπολλολειόλιγοι
866 2911 893 2963 Ρ.
937 2907 1279 2984 εο.πενλαςρτοάπορ.λί.

195 3054 274 3176 pintae
296 3053 433 3117 concessi,
462 3051 563 3123 quibus
589 3054 707 3118 reversi,
747 3060 795 3105 aut
821 3070 916 3125 pacem
939 3060 1022 3105 antes
1047 3057 1225 3124 compositam
1251 3060 1281 3107 et

209 3125 293 3178 ocdns
313 3125 516 3189 confirmarent,
534 3129 584 3177 aut
601 3142 675 3178 orma
699 3124 902 3177 denuntiarent
937 3124 1094 3176 Istiusmodi
1119 3142 1279 3188 responsum

195 3213 212 3248 a
241 3213 337 3265 magno
372 3197 520 3249 domestico
544 3197 682 3258 terentes,
714 3196 744 3246 in
769 3195 899 3247 Moesiam
929 3194 1079 3252 redierunt.
1120 3195 1280 3265 Imperatrir

194 3272 338 3337 totumque
362 3267 510 3321 concilium
544 3273 572 3317 et
594 3265 769 3336 prudentiam
793 3268 851 3317 eius
875 3265 1001 3319 admirati
1019 3272 1099 3328 sunt,
1124 3276 1152 3319 ct
1179 3268 1280 3334 gratiss

193 3337 293 3388 multas
310 3335 485 3399 habuerunt,
509 3335 585 3407 quod
602 3354 670 3408 quos
689 3334 750 3388 heri
767 3336 927 3389 metuebant
951 3335 1107 3408 quibusque
1135 3338 1203 3407 quid
1227 3336 1279 3387 ho-

193 3414 272 3458 nesto
293 3407 504 3476 responderent,
526 3425 582 3459 non
601 3406 748 3469 videbant,
775 3424 835 3458 curn
852 3424 905 3477 quo
924 3424 953 3459 se
974 3415 1112 3459 verterent
1128 3408 1280 3471 nescirent,

194 3492 241 3527 cos
261 3477 308 3527 itte
327 3486 385 3529 tam
402 3477 594 3530 formidolosos
612 3477 780 3547 redegisset,
811 3486 841 3529 ut
865 3479 995 3547 neglectis
1022 3477 1098 3540 aliis,
1124 3476 1197 3530 diem
1222 3495 1282 3529 em·

193 3545 345 3615 phanaum,
364 3548 507 3609 velutrem
521 3550 707 3611 necessariam,
721 3555 838 3600 orarent.
860 3549 914 3600 Sed
931 3549 965 3601 de
977 3550 1020 3600 his
1033 3547 1135 3600 dictum
1150 3557 1192 3601 cst
1203 3550 1279 3602 satis·

263 3619 288 3669 8.
324 3618 361 3668 dt
378 3634 488 3689 magnus
503 3618 677 3681 domesticus,
694 3617 782 3669 missis
806 3617 957 3688 oppidatim
972 3619 1111 3689 epistolis,
1136 3628 1280 3672 veteranos

193 3685 346 3739 adbcilum
363 3705 424 3740 cum
441 3689 542 3742 Moesis
564 3689 728 3758 gerendum,
757 3687 804 3739 ubi
823 3705 933 3741 necesse
957 3688 1059 3752 suerit,
1087 3698 1198 3771 paratos
1218 3705 1280 3741 esse

192 3758 281 3810 iussit.
318 3757 371 3809 Sed
391 3776 452 3811 cum
466 3761 711 3821 animadverteret,
726 3774 784 3812 non
801 3762 889 3812 sotum
905 3778 938 3812 ex
956 3760 1019 3811 atho
1038 3760 1150 3811 militari
1166 3759 1279 3823 multos,

190 3844 284 3880 verum
306 3830 390 3880 etiarn
416 3830 450 3882 de
474 3832 539 3883 niiis'
559 3830 728 3900 complures,
759 3829 873 3882 obtentu
903 3830 978 3900 quod
1002 3829 1139 3882 decretum
1161 3830 1279 3898 quisque

191 3895 227 3950 sb
253 3899 417 3969 imperatore
441 3903 607 3970 stipendium
633 3916 690 3951 non
712 3901 817 3969 integre
841 3903 1007 3970 perciperet,
1032 3900 1067 3951 ad
1087 3899 1278 3970 expeditiones

190 3984 288 4038 parum
315 3979 454 4042 promptos
484 3982 513 4025 et
539 3969 750 4041 rempublicam
776 3971 890 4038 privari,
923 3988 990 4043 quas
1016 3971 1059 4022 illi
1086 3971 1278 4039 praestabant,
1341 3973 1345 3982 '

191 4040 448 4095 commoditatibus:
483 4060 537 4113 quo
554 4051 633 4113 pacto
657 4050 684 4095 et
702 4042 871 4111 paupertatis
894 4060 939 4094 eos
962 4057 1045 4093 onere
1071 4042 1190 4103 levaret,
1212 4054 1278 4107 sup-

190 4109 268 4180 pleto
286 4112 361 4182 quod
380 4111 480 4185 cuique
496 4114 532 4165 ad
550 4115 748 4183 praescriptum
764 4113 934 4182 imperatoris
955 4112 1068 4175 decrat,
1090 4114 1196 4180 etipse
1216 4110 1279 4161 sin·

190 4181 317 4302 peiorum
343 4200 425 4252 opera
451 4194 606 4254 opportuno
633 4201 698 4235 usus
723 4182 855 4244 ediceret,
883 4191 915 4235 ut
937 4200 1032 4236 omnes
1052 4181 1088 4233 sd
1108 4196 1278 4236 communem

204 4261 311 4310 ructum
330 4254 435 4327 aliquid
457 4255 628 4316 conferrent,
651 4270 743 4308 secum
763 4253 960 4308 considerabat.
995 4255 1103 4309 Interes
1120 4251 1281 4318 Patriciots„
