2934 4700
265 221 354 329 tu
644 199 956 349 ‚munuum

8 400 10 413 '
120 421 183 491 ιο,
193 426 257 494 1³4³
267 422 319 477 νος
349 405 404 469 καί
438 402 554 487 νόμους
586 405 695 490 φιλίας
726 401 843 489 α’νόρός
882 401 1002 482 εἰδότος
1039 401 1116 488 ἔργα
1147 406 1246 473 είλετο
1279 426 1354 468 ποι-

168 509 336 591 νχςςεΐν,
368 500 459 582 ὑμεῖς
484 502 520 565 δὲ
549 501 769 588 πονηροτάτων
789 502 981 569 undeuuanda
1020 502 1095 582 τοός
1121 504 1257 588 τρόπους
1290 506 1351 568 κατ’

265 603 298 666 ἓν
328 601 419 667 τοῦτο
451 596 550 682 μόνον
582 602 686 677 καλῶς
706 598 855 686 εἰδότων,
882 610 1029 685 πολεμεῖν
1057 606 1113 668 καί
1145 600 1354 688 διαφθείρειν

172 697 342 777 Μοιτοός
360 701 605 785 προστυχόντας,
627 693 762 787 ω’φελεῖν
788 703 824 765 δὲ
844 696 996 785 οόδένας”
1038 703 1056 766 ό
1085 706 1183 787 μέγας
1209 706 1244 766 δὲ
1274 702 1354 780 δοόξ

265 799 480 882 ἔξιῖχχινοίας
506 803 603 884 δῆθεν
630 801 776 883 συγχέειν
795 803 850 866 τόν
868 801 1033 887 βάρβαρον
1058 803 1187 884 ἐθέλων,
1209 796 1372 883 „cimini

265 895 449 983 όμολορεῖς”
469 892 538 962 εἶπε
556 896 639 981 ,,τόν
659 898 716 965 σόν
741 898 897 986 δεσπότην
918 904 1033 966 δοῦλον
1055 895 1137 967 εἶναι
1157 894 1352 966 Karteron-

265 1000 384 1087 ζηνῷ,·”
406 997 423 1062 ό
446 1000 481 1064 δὲ
501 1002 578 1082 ,,κἀί
597 994 737 1081 μάλιστα
745 1004 765 1031 ”
783 992 851 1065 εἶπε
880 1000 966 1081 ,,ιιαί
977 994 1041 1086 τήν
1055 1001 1172 1087 ἀκριβῆ
1190 1002 1349 1083 δουλείαν,

264 1103 341 1163 καθ’
361 1095 452 1182 ivai
480 1098 601 1183 α’χαθοί
626 1096 704 1175 τοός
732 1097 869 1185 τρόπους
889 1099 1043 1185 ἡττῶνται
1071 1103 1136 1165 τῶν
1163 1103 1265 1163 καλῶν
1292 1099 1353 1165 καί

259 1190 422 1282 ,ἄχθονται
443 1196 663 1281 όποσπῶμενοι
694 1201 752 1262 τοῦ
789 1197 951 1265 δουλεύειν
968 1210 1033 1278 τοῖς
1052 1200 1218 1279 τοιοότοις,
1238 1194 1346 1285 ῶσπερ

238 1298 320 1362 ικαί
337 1296 428 1380 ὑμεῖς
455 1298 635 1382 μοχθηρίας
654 1294 711 1362 καί
731 1294 853 1384 φθόνου
881 1297 937 1363 καί
962 1301 1157 1386 πανουργίας
1187 1295 1393 1384 reprimere

264 1400 374 1462 δοῦλοι
394 1397 542 1483 όνριβῶς.
583 1392 701 1481 ταύτην
724 1395 787 1483 χόρ
809 1395 895 1481 νόχοό
918 1400 1062 1463 δουλείαν
1091 1397 1235 1481 ὁμολογῶ
1264 1392 1349 1462 εἶναι

266 1495 415 1582 όληθῶς,
435 1498 510 1560 καθ’
518 1489 558 1579 ἣν
578 1497 749 1560 δουλοῦται
767 1494 788 1580 ἦ
809 1498 922 1582 ψυχή·
950 1495 1006 1583 τὴν
1031 1500 1066 1563 δὲ
1088 1499 1123 1562 εἰι
1141 1498 1203 1562 τῶν
1221 1489 1349 1582 χρημό-

267 1620 330 1664 των
348 1594 417 1673 καί,
430 1598 666 1680 αἰχμαλωσιλις,
690 1589 727 1660 ori
748 1600 857 1683 ψυχῆς
878 1589 960 1664 εἶναι
967 1648 978 1679 ,
1007 1594 1088 1664 α’λλό
1110 1594 1254 1679 σώματος
1272 1601 1348 1680 βια·

264 1697 398 1779 ζομίνου
429 1693 595 1771 ιῖκουσίως.
637 1690 743 1782 διόπερ
766 1695 887 1782 ἐκεινην
906 1695 1018 1773 πάντες
1037 1721 1070 1763 τε
1094 1700 1249 1780 μισοῦμεν
1276 1698 1345 1761 ἐπί·
1416 1712 1425 1739 '

205 1842 209 1847 -
264 1822 323 1883 σης
352 1797 409 1861 καί
434 1796 531 1859 παντί
559 1788 664 1884 τρόπιρ
700 1796 924 1882 ἐπιχειροῦμεν
954 1796 1175 1884 διαφεόχειν.”
1215 1791 1385 1877 &nond-15

235 1910 376 1972 Βσαντες
395 1897 431 1961 δὲ
453 1895 566 1960 ε’κεῖνοι
586 1898 642 1980 τῆς
663 1899 819 1972 συνέσεως
838 1894 894 1962 τόν
913 1892 1087 1982 βόρβορον,
1110 1889 1220 1979 ,ἄλλό
1245 1898 1344 1960 ταῦτα

257 2001 344 2085 μὴ’*
367 1990 455 2063 εἷπον
483 1997 628 2079 ,ἐῶμεν
673 1994 710 2059 οὐ
730 1995 792 2080 γὰρ
826 1996 928 2060 aaron
959 1999 1086 2063 δεῖσθαι
1117 2000 1173 2080 τῆς
1200 1992 1278 2082 πρός
1301 1999 1342 2067 τὰ

258 2099 371 2184 βελτίω
392 2096 623 2181 παραινέσεως·
651 2095 702 2182 ἐφ’
724 2090 746 2158 ό
766 2097 802 2160 δὲ
822 2095 961 2177 μάλιστα
980 2095 1173 2181 τρεψόμεθα
1194 2091 1215 2179 ἦ
1243 2120 1344 2163 σπου.

258 2194 337 2284 δεξί’
362 2196 418 2260 ιιαί
439 2193 553 2259 αὐτίκα
573 2192 627 2258 τόν
649 2196 779 2258 Λουκᾶν
798 2196 830 2259 Γ
826 2189 957 2280 ειόρχιον
985 2194 1120 2282 ᾑροῦντο
1147 2195 1342 2283 πρεσβευτὴν

256 2292 338 2383 πρός
357 2293 413 2361 τόν
430 2290 570 2380 Ἄμοόρ,
590 2286 721 2380 εόρυῶς
739 2316 773 2360 τε
792 2289 904 2376 ἔχοντα
924 2290 1003 2381 πρός
1022 2293 1080 2373 τός
1100 2298 1267 2383 πρεσβείας
1286 2295 1382 2363 καίεο

257 2387 362 2473 ῶλλως
395 2390 573 2480 ἐπιτήδειον
601 2383 676 2458 όντα
703 2395 749 2483 τρῖ
776 2390 940 2482 σατράπῃ·
976 2388 1016 2478 ἦν
1045 2391 1106 2480 χῶρ
1141 2394 1197 2460 καί
1225 2395 1340 2479 πρότε-

257 2520 314 2584 ρον
336 2491 501 2582 ῶμιληιιῶς
529 2495 585 2558 καί
611 2493 710 2556 δοκῶν
743 2493 776 2557 ἐν
796 2495 951 2580 συνηθείᾳ
979 2486 1070 2561 εἶναι.
1110 2495 1181 2559 ἐπεί
1209 2496 1245 2560 δὲ
1265 2487 1340 2581 ἧκον

255 2592 335 2681 πρὸς
363 2596 480 2659 ἐκεῖνον
503 2589 559 2656 καί
585 2589 778 2675 ἅπὴχχελλον
799 2589 838 2656 τό
859 2592 916 2677 τῆς
934 2594 1115 2678 πρεσβείας,
1142 2593 1258 2678 Ἀμοόρ
1280 2598 1338 2676 μὲν

255 2689 443 2770 όκκίζεσθαι
463 2687 565 2756 ε’δόιιει
584 2688 639 2754 καί
658 2689 853 2779 ἀπηγόρευεν
873 2688 1025 2766 ἐπιπολό·
1066 2690 1174 2759 ἔπειτα
1202 2692 1246 2769 ῶς
1269 2695 1336 2759 ε’πι-

326 2819 351 2887 q.
371 2813 496 2888 nocuo
511 2812 544 2870 dt
561 2811 666 2872 atttra
687 2833 741 2870 om.
752 2817 778 2871 P.

216 2980 217 2984 ,
255 2948 286 2995 et
300 2938 501 3011 magnanimum
524 2937 714 3009 petendaeque
741 2938 880 2992 amicitiae
897 2955 955 2993 noa
977 2939 1135 3008 imperitum
1164 2934 1266 2992 imitari
1284 2952 1336 2989 ro-

153 3024 155 3029 ·
254 3012 341 3066 luiaae
350 3048 361 3075 ,
385 3026 433 3064 τοι
458 3016 549 3061 antem
567 3008 829 3077 improbiaaimnrum
846 3026 877 3063 ac
895 3008 1058 3061 atolidornm
1076 3025 1164 3063 morea
1174 3046 1184 3071 ,
1204 3018 1233 3061 et
1251 3025 1335 3061 unum

256 3082 399 3136 dumtaxat
414 3095 476 3132 nora=
488 3081 560 3133 male
577 3078 711 3143 scienter,
730 3082 840 3149 quoaria
860 3096 1016 3151 oppugnare
1036 3087 1065 3139 et
1082 3079 1246 3141 interficere,
1264 3079 1338 3130 nulli

255 3162 347 3207 autem
364 3151 501 3223 prodeaae.
518 3149 571 3204 tlte
591 3166 702 3219 magona
720 3148 775 3201 dua
795 3153 912 3220 argutari
930 3151 1024 3204 volena
1050 3158 1079 3203 et
1103 3150 1220 3202 barbaro
1247 3148 1336 3220 pudo·
1362 3155 1371 3169 “

255 3242 312 3278 rem
330 3227 464 3283 incutere,
491 3220 587 3291 Quid?
603 3221 709 3273 laterin’
728 3236 802 3289 ergo,
812 3223 954 3273 dominnm
975 3229 1052 3274 tuum
1071 3222 1258 3275 Cantacozeno
1277 3236 1334 3274 aer·

254 3295 335 3348 vire?
362 3296 416 3365 Ego
440 3307 503 3345 vero
533 3292 638 3354 fatcor,
657 3292 805 3361 respondet
821 3292 942 3359 legatur,
962 3291 1119 3363 etquidem
1137 3291 1259 3363 perlecta
1277 3308 1335 3344 aer-

254 3367 358 3428 vitntc,
386 3377 441 3436 qua
467 3361 535 3415 boni
559 3361 613 3413 riri
635 3361 782 3413 vincuntur
803 3379 819 3415 a
845 3363 942 3425 bonia,
959 3379 1023 3420 ‚nec
1040 3364 1101 3416 aine
1126 3363 1250 3413 moleatia
1269 3361 1335 3416 inde

253 3432 464 3487 abstrahuntur:
492 3430 719 3504 quemadmodum
750 3439 778 3485 ct
802 3448 848 3485 voa
874 3433 909 3485 ad
927 3435 1084 3487 servitutem
1105 3432 1246 3502 pravitati,
1263 3431 1335 3483 inri-

253 3502 333 3569 diae,
351 3503 496 3556 calliditati
514 3502 660 3573 diligenter
677 3502 845 3554 serviendam
862 3511 960 3556 natura
979 3505 1127 3575 comparati
1144 3502 1217 3554 ertia.
1258 3502 1336 3553 Hanc

253 3576 358 3657 quippe
376 3582 405 3626 et
422 3589 472 3644 ego
490 3574 650 3625 servitutem
670 3587 759 3623 reram
779 3589 837 3626 erce
855 3582 984 3636 autumo,
1003 3591 1057 3645 qna
1074 3590 1103 3627 ae
1120 3572 1227 3625 animur
1245 3572 1334 3624 rubii·

252 3649 309 3700 cit:
329 3645 405 3695 rllam
425 3651 525 3703 autem,
556 3659 616 3696 uam
633 3642 740 3694 venditi
757 3649 787 3695 et
805 3645 905 3714 captivi
924 3644 1140 3713 patiantur,non
1160 3643 1246 3695 animi
1265 3657 1333 3703 erae,

251 3715 302 3769 aed
320 3716 458 3785 corporia,
475 3660 553 3784 qnod
568 3714 658 3765 animo
680 3721 847 3783 repugnante
866 3714 977 3767 rubeaac
994 3716 1106 3783 cogitnr.
1124 3713 1215 3784 Quam
1232 3709 1334 3765 idcireo

252 3802 347 3842 omnen
373 3786 526 3857 aequaliter
550 3784 657 3838 odimur
683 3791 711 3835 ct
735 3783 803 3836 velia
832 3788 970 3855 remiaque
994 3791 1111 3855 effugere
1129 3786 1252 3837 nitimur.
1288 3782 1335 3834 llli

250 3856 426 3927 prudentiam
454 3854 565 3908 barbari
589 3854 769 3918 admiranter,
798 3855 852 3907 Sed
878 3856 944 3908 haec
970 3857 1099 3928 quidem,
1119 3856 1214 3916 aiunt,
1234 3853 1333 3904 mitta·

250 3942 325 3994 tana3
343 3943 399 3980 non
420 3927 493 3980 enim
513 3933 561 3978 tna
579 3926 614 3978 ad
631 3926 760 3978 virtutem
777 3926 966 3981 cohortatione
983 3942 1111 3996 egemus,
1128 3924 1176 3977 aed
1193 3922 1261 3994 qnid
1279 3939 1333 3991 po·

247 3998 385 4053 tiaaimum
401 4013 522 4071 agamur,
539 3998 569 4050 id
586 3996 760 4068 quaerimna;
778 3999 924 4068 statimque
934 3997 1081 4067 Georgium
1098 3997 1196 4048 Lucam
1213 3992 1333 4061 legatum

248 4068 286 4122 ad
311 4069 454 4122 dmurium
481 4067 624 4138 deligunt,
650 4066 882 4121 accommodatum
909 4068 945 4120 ad
970 4065 1023 4122 hoc
1047 4083 1145 4120 munuc
1176 4073 1204 4117 et
1226 4062 1333 4132 alioqui

247 4138 372 4196 eluadem
397 4146 521 4207 nattapae
544 4139 679 4203 amicum,
703 4145 732 4190 et
749 4145 780 4189 ut
798 4156 831 4191 ex
854 4140 939 4208 priori
958 4136 1157 4192 conanetndine
1173 4133 1332 4203 apparebat,

247 4211 332 4266 etiam
349 4210 517 4269 tamillarcm
545 4207 589 4266 ad
606 4225 668 4263 cum
688 4217 720 4264 ut
736 4208 813 4268 venit
828 4207 1048 4283 legationemque
1067 4206 1231 4279 explicarit,
1247 4205 1333 4258 tnu-
