2934 4700
431 294 712 362 mstoaraauu
744 299 798 362 111.
829 297 882 368 οε.
1129 267 1211 356 333
1250 273 1256 284 ‘

137 452 260 539 εἴχοντο
295 451 385 517 ttae.
426 451 497 516 έπεί
528 453 563 516 δέ
596 444 678 536 ἦσαν
708 446 971 538 Χριστοοπόλεως
997 451 1036 515 od
1065 451 1355 538 paxpdr‚t.c.rtts

136 556 222 642 πεζῷ
254 550 519 634 περιτυγχάνουσι
547 547 787 617 ‘Fausianam
821 553 857 615 έκ
878 553 1107 632 Διάομοτείχου
1135 551 1215 637 οἰηκ-

136 654 257 739 γμένῳ,
286 646 322 728 ὃς
349 658 482 734 παρεῖχε
507 648 677 736 γράμματα
708 656 838 734 βασιλεῖ
862 649 947 735 παρὰ
978 654 1140 732 βασιλίδος
1158 653 1212 735 τῆς

135 748 284 836 γυναικὸς
303 748 360 814 καί
375 751 437 814 τῶν
458 741 560 814 άλλων
585 753 648 814 ταῖν
669 753 703 815 έν
722 747 959 838 Διδυμοτείχιρ,
996 749 1213 837 φυλάττεσθαι

115 854 351 935 ὅπαραινοῦντα
370 845 427 911 καί
444 846 489 931 μὴ
512 848 746 934 ἀπερισκέπτως
767 846 843 933 πρὸς
872 847 992 925 αὐτοῦς
1021 858 1163 931 χωρεῖν,
1183 851 1213 916 εί

135 948 182 1032 μη
203 945 338 1030 δύναμιν
358 939 429 1030 ἔμοι
448 947 584 1031 μεγάλην
603 947 659 1012 καί
677 946 757 1032 πρὸς
776 944 937 1022 τοιούτους
964 942 1137 1032 άξιάηρεων
1156 972 1214 1014 πο-

136 1048 274 1128 λεμίους.
312 1042 562 1131 πρωτοστράτωρ
596 1043 656 1130 γάρ
689 1042 705 1109 o‘
738 1045 957 1128 Παλαιολόγος
987 1045 1103 1131 πολλὴν
1129 1041 1213 1130 dyas

134 1142 289 1231 στρατιάν
309 1140 406 1227 πεζήν
424 1167 457 1209 τε
477 1147 533 1209 καί
550 1142 679 1229 ἱππικίην
701 1146 736 1210 έν
756 1143 965 1232 Hammonis
987 1148 1213 1228 στρατοπεδευ-
1222 1156 1248 1208 Ρ.
1259 1159 1309 1227 534

134 1241 262 1327 άμενος,
295 1241 352 1328 την
371 1243 471 1310 ου’τοῦ
491 1237 599 1330 άφιξιν
617 1245 777 1328 περιμένει
799 1241 843 1320 ὥς
872 1238 1079 1325 μαχούμενος.
1120 1244 1213 1309 Ἀπό-

95 1340 252 1419 τοκαυκός
280 1366 316 1406 τε
353 1341 372 1404 o‘
401 1340 680 1426 παρακοιμάμενος
708 1339 790 1425 ἔχων
815 1337 1028 1426 ἑβδομήκοντα
1057 1339 1316 1433 τριηρεις,ν.ηη9

133 1445 171 1508 ἐν
186 1434 237 1517 αἷς
248 1442 453 1507 κατέπλευσεν
466 1443 512 1518 εἰς
529 1441 739 1526 Ἀμφίπολιν,
766 1437 906 1506 ἐνταῦθα
926 1438 981 1504 καί
999 1436 1098 1515 αὐτὸς
1117 1442 1213 1525 ἐφορ-

132 1549 212 1623 μεϊ·
253 1538 327 1624 περί
345 1531 389 1604 ὧν
411 1542 481 1605 δέον
500 1538 753 1621 βουλευσάμενον
772 1537 891 1615 osiris,
912 1539 1060 1624 πρέπειν
1089 1532 1152 1618 ά,τι
1172 1531 1213 1604 ds

134 1643 213 1728 δοκῇ
231 1642 411 1726 συμφέρειν.
452 1641 630 1722 συμβέβηκε
651 1641 687 1703 dd
705 1663 738 1702 τι
758 1639 833 1723 περί
849 1636 887 1703 τά
917 1635 1090 1721 γράμματα
1110 1640 1213 1702 έκεῖνο

132 1739 321 1818 θαυμαστὸν
339 1739 396 1802 καί
413 1739 469 1822 τῆς
489 1740 569 1800 θεοῦ
587 1735 662 1821 περί
679 1735 887 1818 τὸνβασιλέα
910 1738 1095 1819 κηδεμονίας
1115 1758 1213 1820 φανε-

92 1835 207 1922 τόραῖς.
248 1835 291 1912 ὥς
317 1835 378 1922 γάρ
407 1838 442 1902 έν
461 1835 626 1922 Βυζαντίῳ
648 1830 805 1919 έμηνάθη,
836 1834 880 1910 ὥς
905 1832 1057 1920 στρατιάν
1076 1832 1158 1917 έχων
1177 1839 1213 1900 das

135 1941 299 2023 Τριβαλοῖν
316 1932 468 2019 βασιλεῦς
495 1932 514 1997 o‘
542 1932 806 2017 Καντακουζηνὸς
826 1926 924 2009 αὖθις
945 1936 1147 2017 έπιινέρχοιτο
1168 1936 1212 2009 είς

130 2036 379 2119 Διέυμότειχσν,
401 2027 648 2118 πρωτοστράτωρ
670 2056 704 2097 τε
732 2032 899 2117 συμπάσης
931 2035 1026 2116 πεζῆς
1046 2034 1102 2096 καί
1119 2032 1234 2112 inus-3

128 2139 186 2219 τῆς
209 2130 375 2215 δυνάμεως
395 2135 599 2216 στρατηγῶν,
620 2132 737 2216 πολλήν
757 2130 839 2214 ἔχων
871 2129 1023 2211 δύναμιν,
1044 2134 1089 2206 είς
1110 2136 1212 2216 Περι-

128 2235 264 2320 θεωριον
287 2231 419 2317 sinistro,
453 2230 509 2294 καί
533 2224 728 2306 Ἀπόκαυκος
748 2230 765 2294 ὁ
788 2233 887 2314 μέγας
909 2227 984 2308 toi}
1004 2233 1037 2307 ἐξ
1055 2227 1213 2316 Ἀμφιπό-

86 2340 205 2408 soleam
225 2339 296 2407 ταῖς
317 2326 528 2414 ἑβδομήκοντα
560 2328 671 2396 ναυσίν
692 2329 901 2416 ἀναστρέφων
928 2333 984 2414 τῆς
1006 2322 1103 2416 αάτῆς
1123 2332 1213 2395 ἕνεκα

128 2431 252 2510 αἰτίας,
274 2429 354 2514 ἔγνω
369 2432 434 2495 δεῖν
454 2431 630 2515 περιμένειν
649 2434 705 2494 καί
724 2429 817 2506 asisin
836 2428 916 2512 μετά
938 2434 993 2513 τῆς
1008 2421 1104 2514 άλλης
1118 2454 1212 2510 στρα-

126 2535 196 2606 τιάς
224 2529 279 2595 καί
307 2535 438 2612 βασιλεῖ
459 2526 516 2614 την
537 2526 691 2595 ἐπάνοδον
711 2528 854 2595 κωλύειν.
894 2531 957 2594 τῶν
989 2526 1070 2591 o‘dois
1095 2529 1147 2608 δὲ,
1169 2525 1213 2601 ὡς

127 2627 223 2709 ἔθος,
245 2629 500 2714 φυλαττομένων,
522 2628 574 2692 ἵνα
604 2626 651 2712 μή
673 2626 861 2697 λανθάνοιεν
883 2629 918 2694 έκ
938 2619 1213 2711 Διένμοτείχονῆ

201 2770 226 2807 s.
244 2755 318 2823 πτζηλ
334 2753 397 2807 add.
417 2753 456 2807 tl.
525 2755 551 2807 b
569 2750 637 2823 τέγει
654 2756 684 2808 l’.

128 2892 316 2959 perrexerant.
367 2884 429 2935 lion
455 2884 536 2956 longe
554 2902 569 2935 a
589 2884 757 2955 christopoli
782 2887 810 2943 in
837 2886 958 2957 peditem
982 2887 1210 2955 Rhacidytaotrm

129 2957 274 3018 vocabalo,
296 2953 488 3023 Didymoticlro
506 2972 567 3009 eum
588 2956 689 3008 litteris
711 2958 746 3007 ab
765 2959 938 3025 imperatrice
955 2974 1039 3009 uxore
1059 2967 1085 3010 et
1105 2959 1210 3027 proesi-

129 3027 178 3080 dio
196 3027 231 3080 ad
249 3028 438 3095 imperatorem
454 3026 575 3088 missum,
594 3026 738 3081 incidant:
758 3027 859 3097 quibus
881 3029 980 3079 litteris
1000 3045 1060 3080 euru
1079 3029 1210 3079 admone-

130 3096 214 3160 bant,
232 3103 311 3149 eante
328 3103 419 3162 ageret
436 3103 465 3146 et
482 3112 517 3146 ae
537 3097 739 3149 inconsiderate
763 3097 798 3149 ad
818 3113 864 3148 cos
882 3099 1002 3157 veniret,
1029 3097 1082 3148 nisi
1102 3113 1210 3165 magnas

131 3176 229 3237 totque
249 3166 375 3219 hostibus
393 3182 472 3234 pares
490 3166 582 3234 copias
608 3165 764 3219 adduceret.
805 3166 991 3238 Palacologuus
1018 3168 1090 3219 euim
1114 3175 1210 3236 proto·

128 3246 272 3293 stratorem
290 3253 350 3288 com
372 3235 497 3305 peditatu
523 3245 552 3288 et
578 3238 703 3306 equitatu
723 3253 780 3289 non
800 3238 929 3291 mediocri
954 3237 990 3288 ad
1012 3237 1210 3289 Peritheoriuru

128 3308 226 3362 sedere
242 3315 272 3360 et
281 3304 428 3358 adventum
445 3307 506 3358 eius
524 3304 559 3357 ad
578 3306 780 3389 confligendum
798 3316 962 3377 exspectare.
981 3309 1024 3360 lbi
1044 3309 1126 3359 ctiam
1137 3309 1210 3376 Apo·

127 3378 261 3431 maehum
286 3394 348 3430 cum
369 3377 526 3428 triremibus
550 3383 740 3446 septuaginta,
765 3376 865 3449 quibus
891 3377 1076 3447 Amphipolim
1103 3379 1211 3447 naviga·

126 3454 224 3509 verat,
243 3450 372 3530 inportu
391 3454 477 3499 stare:
497 3446 532 3498 de
550 3446 651 3516 quibus
669 3455 748 3515 capto
767 3448 882 3502 consilio
901 3449 990 3500 iacere
1009 3447 1119 3510 debeat,
1135 3446 1210 3519 quod

124 3517 257 3589 prodesse
274 3516 421 3573 videbitur.
464 3515 541 3569 Circa
567 3517 672 3570 litteras
690 3525 782 3570 autem
800 3518 861 3570 illas
885 3518 1047 3571 admirabile
1066 3519 1209 3588 quippiam

123 3597 156 3641 et
172 3604 255 3657 quam
273 3589 422 3656 imperator
434 3588 492 3639 Deo
509 3602 590 3639 carae
607 3597 694 3650 esset,
711 3588 885 3641 manifestum
903 3590 1036 3642 indiciam
1055 3591 1153 3641 evcnit
1174 3590 1209 3640 Ut

124 3659 202 3712 enim
229 3657 352 3724 Byzantii
377 3656 548 3709 intellectura
575 3665 634 3719 est,
662 3658 754 3728 ipsum
777 3676 838 3711 eum
868 3660 988 3712 exercitu
1013 3675 1047 3710 ex
1075 3658 1208 3711 Triballis

124 3726 351 3795 Didymoticbum
368 3726 510 3787 revenire,
528 3734 557 3779 et
571 3734 756 3797 protostrator
774 3729 929 3782 universum
948 3727 1102 3798 peditatum
1124 3729 1209 3800 equi-

123 3804 267 3867 tatumque
286 3795 404 3857 ducens,
426 3797 531 3865 magnis
548 3798 646 3866 utique
663 3815 725 3850 com
744 3796 848 3852 viribus
868 3798 1067 3853 Peritbeoriam
1096 3797 1209 3853 devenit

123 3876 154 3920 et
178 3867 357 3937 Apocauchus
376 3865 473 3918 eodem
503 3865 662 3935 Amphipoli
683 3885 743 3921 cum
770 3870 942 3938 septuaginta
970 3867 1084 3921 navibus
1113 3868 1207 3921 eadem

124 3937 161 3991 de
178 3955 259 3989 caasa
277 3938 423 4008 appulsus,
442 3952 502 3988 cum
520 3937 582 3987 aliis
599 3940 685 4005 copiis
712 3937 767 3991 sibi
794 3937 1006 4008 exspectandum
1033 3939 1207 4008 reditumque

122 4008 299 4077 imperatoris
326 4003 565 4059 intercludendum
597 4008 712 4059 censuit.
757 4008 902 4079 Dispositis
928 4019 1018 4061 autem
1046 4026 1095 4078 per
1123 4008 1205 4068 viam,

122 4086 157 4131 ut
175 4093 234 4129 mos
252 4085 310 4140 est,
330 4074 492 4129 custodibus
510 4076 544 4126 ad
564 4076 796 4147 intercipiendos,
822 4080 870 4148 qui
889 4080 961 4131 iuter
980 4078 1206 4146 Didymotielren·

119 4163 165 4200 ses
183 4154 214 4199 et
234 4147 422 4217 imperatorem
441 4155 638 4208 commearent,
665 4149 714 4218 qui
738 4145 810 4199 banc
832 4150 973 4215 epistolam
998 4148 1104 4201 screbat
1128 4163 1203 4197 crim·

113 4214 272 4289 ,prebemus
300 4225 330 4270 et
354 4215 390 4269 ad
410 4222 638 4288 protostratorem
661 4216 808 4288 perductus
831 4219 921 4292 deque
946 4218 1047 4274 litteris
1066 4215 1205 4270 oramina·
