2934 4700
509 291 793 360 ursromuuou
822 294 878 358 ιιι.
896 277 951 365 αἰ.
1179 262 1264 379 267
1340 369 1344 378 ,

186 469 335 552 προνοίας
355 461 377 549 ἢ
396 464 580 551 ἐπικουρίας
601 459 795 543 ἀξιώσαντος.
831 462 866 529 so'
894 464 953 548 μὲν
973 454 1031 528 uls
1052 456 1337 548 damasianae.
1349 474 1414 544 riis

187 568 242 632 οάκ
262 559 337 629 οἶδα
370 560 405 629 εἴ
419 588 468 640 τις
487 565 533 640 είς
551 566 700 630 τοσοῦτον
720 564 950 651 ἀπανθρωπίας
978 557 1048 647 ἥκει
1067 564 1124 629 καί
1141 560 1267 648 ω’μότη·

187 689 257 749 τος,
295 662 339 741 ὥς
368 661 463 740 odric
491 686 525 728 τε
551 661 682 730 ἑλέσθαι
709 663 766 729 καί
791 672 857 739 τοῖς
891 655 999 739 ἀλλοις
1019 665 1267 745 συμβουλεῦσαι.

186 764 265 852 πρὸς
284 761 346 848 γάρ
378 767 423 851 τῷ
444 765 510 852 θεῷ
528 764 678 846 exuamus
697 756 780 828 εἶναι
798 759 858 846 τὴν
875 760 1022 847 τοιαύτην
1039 759 1181 844 τόλμαν,
1212 760 1270 827 καί

166 862 273 950 5παρά
293 867 391 929 πᾶσιν
412 859 595 947 ἀνθρώποις
622 864 712 950 σαφῆ
728 864 904 948 παρέχωσι
921 865 1032 940 κακίας
1060 864 1115 927 καί
1139 866 1268 946 μοχθη-

184 965 258 1050 ρίας
285 963 446 1040 ἀπόδειξιν
470 962 658 1049 ὑπερβολῆς.
700 960 736 1027 τό
759 959 821 1047 γάρ
860 966 917 1028 νῦν
942 986 979 1027 τε
1000 955 1077 1028 ὄντα
1093 961 1266 1044 Ῥωμαίων

113 1047 115 1052 ’
182 1067 318 1148 βασιλέα
338 1064 396 1128 καί
412 1063 490 1148 πρίν
508 1063 554 1138 είς
574 1064 670 1127 τοῦτο
687 1055 778 1146 ἥκειν
795 1058 955 1147 σχήματος
973 1068 1099 1138 πολλοῖς
1112 1060 1266 1148 πρότερον

181 1163 309 1248 χρόνοις
329 1158 443 1245 ὁμοίως
463 1151 624 1247 άρχονια,
642 1160 699 1226 καί
715 1162 803 1247 παρά
823 1160 947 1227 πάντων
966 1161 1022 1226 καί
1038 1156 1192 1246 Ἑλλήνων
1211 1165 1268 1227 καί

183 1262 357 1348 βαρβάρων
383 1257 586 1345 ἀγαπώμενον
621 1260 679 1327 καί
713 1261 984 1347 περισπούδαστον
1011 1253 1091 1328 ὄντα
1125 1259 1179 1325 διά
1208 1261 1267 1345 τὴν

146 1365 368 1447 ιοπροσοῦσαν
392 1359 641 1426 analectorum*
667 1356 796 1427 σάκεσιν
822 1358 879 1425 καί
897 1362 1083 1447 φιλοιιμιλιν
1111 1361 1146 1425 ἀν
1164 1361 1297 1424 πάσινΒ

185 1461 337 1543 ἀγαθοῖς,
362 1461 420 1524 νῦν
439 1453 555 1543 ἥκοντα
576 1464 651 1544 παρ’
671 1459 755 1545 ἧμάς
775 1457 829 1528 διά
851 1456 1045 1545 πραγμάτων
1065 1456 1263 1542 μεταβολὴν,

185 1557 267 1645 πρὸς
285 1562 330 1647 τῷ
346 1557 391 1645 μὴ
411 1560 584 1644 προστῆναι
602 1562 657 1624 καί
683 1556 838 1645 ἀνήκεστα
869 1560 1031 1624 διαθεῖναι
1061 1560 1121 1623 οάκ
1141 1554 1267 1642 uiuisq-

185 1683 238 1734 τος
258 1660 313 1723 καί
330 1659 559 1742 ἀπανθρωπίας
576 1657 693 1743 μόνον,
724 1656 808 1724 ἀλλά
827 1656 885 1724 καί
903 1655 1051 1741 ἀσεβείας
1069 1653 1206 1742 ἔγκλημα
1228 1654 1267 1742 ἦ·

182 1766 240 1837 μίν
259 1759 391 1832 δικαίως
417 1757 584 1841 περιάψαι.
625 1751 666 1823 oi
695 1756 735 1844 δὴ
755 1761 849 1826 ἕνεκα
874 1761 939 1824 τοῖν
957 1752 1110 1823 τοιούτων
1130 1752 1214 1840 adesi
1233 1778 1267 1822 sa

142 1854 302 1940 ιόἔγνωκα
332 1859 390 1921 καί
411 1857 490 1938 aiulo
518 1855 719 1940 ἀποσχέσθαι
744 1859 910 1942 παραινῶ.
951 1854 987 1921 τά
1018 1858 1047 1922 δ’
1068 1850 1268 1938 ἀποπέμπειν

181 1948 341 2042 ’ἄπρακτον
374 1951 528 2040 ἀβουλίας
558 1949 599 2023 ἀν
628 1979 678 2031 τις
704 1957 807 2041 τιθείη
834 1951 1031 2040 λογιζόμενος
1063 1954 1182 2042 ἀρθάς.
1224 1954 1265 2018 ot

179 2055 239 2142 γάρ
268 2053 369 2139 μόνον
403 2052 530 2139 ἀγνοίας
558 2055 634 2142 περὶ
658 2054 699 2122 τά
732 2054 816 2121 καλοὶ
837 2054 893 2121 καί
911 2055 1114 2142 ἀφιλοτιμιας
1133 2058 1264 2131 δικαίως

134 2205 139 2220 ,
180 2150 221 2219 ἀν
241 2155 392 2241 ἀλοίημεν
418 2151 505 2240 παρά
537 2163 603 2232 τοῖς
633 2158 752 2241 κρίνειν
771 2153 963 2221 τάτοιαῦια
991 2156 1124 2237 δεινοῖς,
1161 2148 1211 2221 ὅτι
1229 2150 1266 2219 ὃν

179 2251 362 2337 ἐπεθύμουν
381 2254 491 2319 πολλοί
512 2257 575 2320 τάν
596 2253 763 2319 δυναστῶν
790 2247 965 2319 καίπολλά
986 2248 1288 2338 ἑπραγμαιεάοντοῦ

137 2358 275 2440 acorion
295 2351 381 2437 ἔχειν
386 2403 397 2434 ,
419 2355 533 2420 τοῦτον
552 2352 678 2437 ἔχοντες
699 2351 794 2419 adsui
809 2354 867 2418 καί
885 2348 1057 2435 δυνάμενοι
1076 2354 1140 2418 τῶν
1158 2344 1263 2416 ἀλλων

178 2456 298 2535 μᾶλλον
330 2448 388 2539 τῆν
413 2454 489 2539 παρ’
515 2451 612 2518 uisui
639 2454 750 2542 φιλίαν
775 2455 997 2539 καρποῦσθαι,
1029 2444 1150 2526 ἑκόντες
1173 2443 1263 2527 ὄντες

177 2552 385 2636 προηκάμεθα
415 2554 460 2616 δι’
486 2545 658 2636 ἀγροικίαν.
701 2546 770 2619 ἀλλ’
794 2548 830 2617 εἴ
846 2573 922 2618 ποτε
943 2552 1085 2637 συμβαίη
1107 2548 1164 2615 καί
1177 2547 1361 2624 ‘emtum

181 2653 283 2730 μαίων
303 2645 407 2735 ἀρξαι,
427 2655 633 2737 μεμνημένος,
653 2653 698 2729 ως
717 2653 870 2735 σάίεμιάς
883 2652 1065 2737 ἐπικουρίας
1080 2647 1175 2735 τύχοι
1190 2655 1264 2737 παρ’

181 2908 254 2962 velle
272 2917 300 2962 et
316 2911 378 2963 aliis
392 2910 505 2964 suadere
521 2910 617 2980 possit.
653 2909 723 2962 Nam
740 2916 773 2963 ut
791 2917 915 2974 taccam,
937 2910 994 2962 tale
1011 2908 1099 2961 accim
1117 2908 1191 2978 apud
1207 2910 1264 2962 Do-

67 3042 73 3047 ·
180 2997 226 3031 um
246 2996 304 3031 esse
321 2981 540 3044 odiosissimum,
565 2979 637 3050 apud
661 2979 787 3034 homines
806 2996 918 3054 quoquo
935 2981 1075 3033 universos
1100 2985 1204 3031 eertum
1221 2981 1265 3034 in·

180 3050 321 3103 credibilis
339 3052 461 3105 malitiae
479 3061 507 3106 et
526 3049 712 3120 improbitatis
730 3060 919 3121 argumentum
936 3057 987 3101 est.
1010 3049 1118 3101 Etenim
1137 3064 1198 3102 cum
1235 3052 1265 3103 ul

180 3137 255 3173 aune
273 3123 454 3174 Rornanorum
476 3125 622 3192 imperator
640 3127 699 3183 ost,
718 3129 748 3173 et
764 3124 922 3195 priusquam
941 3119 1060 3192 insignia
1078 3068 1265 3239 accessihdin

179 3193 352 3259 imperatoris
375 3210 473 3246 munus
498 3194 598 3262 gessit,
624 3200 653 3246 et
670 3192 797 3244 omuibus
818 3201 876 3247 tum
901 3190 1028 3254 Graecis,
1052 3196 1111 3241 tum
1160 3188 1265 3244 arbaris

179 3278 270 3312 carum
291 3271 320 3313 et
336 3271 447 3331 propter
464 3281 540 3325 eam,
559 3279 613 3333 qua
631 3261 773 3333 praeditus
787 3270 848 3325 est,
866 3262 1023 3323 lenitatem,
1042 3259 1217 3331 prudentiam
1236 3268 1267 3314 et
1370 3286 1377 3302 ν

179 3335 268 3385 omnis
296 3332 448 3385 honestatis
472 3333 594 3386 studium
617 3331 741 3385 certatim
767 3332 969 3403 expetendum,
1003 3339 1032 3383 et
1053 3347 1127 3383 nunc
1151 3330 1187 3382 ad
1214 3349 1264 3386 nos

179 3402 261 3455 rebus
283 3403 455 3456 labefactatis
474 3403 696 3472 confugientem,
718 3419 776 3458 non
804 3412 911 3456 tantum
936 3417 992 3455 non
1009 3401 1082 3454 tueri
1103 3416 1135 3452 ac
1158 3410 1264 3473 tegere,

177 3474 226 3525 sed
245 3476 327 3525 etiam
347 3474 579 3543 importunissime
597 3475 716 3538 violare,
742 3490 798 3524 non
816 3472 986 3526 crudelitatis
1013 3473 1102 3524 solum
1121 3482 1149 3526 et
1166 3476 1265 3526 imma-

177 3545 290 3605 nitatis,
311 3543 357 3594 sad
378 3546 526 3614 impietatis
545 3562 656 3616 quoque
673 3546 703 3597 in
727 3545 841 3598 erimine
857 3561 907 3597 nos
925 3546 986 3597 iure
1005 3542 1133 3614 posuerit
1170 3547 1264 3618 Quare

178 3614 266 3667 scelus
291 3614 463 3668 huiuamodi
484 3626 514 3669 et
537 3619 596 3687 ipsa
620 3615 714 3686 lugere
731 3618 815 3667 statui
844 3623 872 3668 et
889 3622 921 3667 ut
940 3630 987 3665 vos
1018 3630 1106 3685 acque
1131 3617 1263 3687 fugiatis,

177 3700 284 3737 moneo.
324 3688 360 3737 Re
382 3694 474 3738 atatem
493 3686 593 3740 inlecta
614 3701 676 3736 eum
695 3684 852 3750 dimittere,
877 3684 907 3736 id
922 3685 1011 3738 bonus
1030 3700 1119 3737 rerum
1135 3690 1264 3740 aestima·

177 3763 222 3807 tor
246 3758 383 3809 amentiae
411 3756 596 3826 adscripserit,
629 3756 692 3809 Non
715 3757 789 3808 enim
813 3757 902 3810 solum
919 3762 952 3807 ut
967 3755 1076 3813 bonesti
1106 3756 1264 3825 ignorantes

177 3834 206 3877 ct
225 3826 261 3878 ab
280 3829 356 3879 omni
374 3828 541 3895 cogitatione
559 3826 648 3881 landis
666 3828 753 3880 aversi
772 3826 902 3897 aperitis
926 3825 1063 3879 iudicibus
1081 3830 1179 3883 merito
1199 3827 1264 3883 red·

173 3911 334 3964 arguemur,
360 3899 399 3960 si,
430 3901 507 3950 cuius
539 3900 688 3951 amicitiam
715 3898 795 3950 multi
823 3895 963 3968 principes
995 3896 1104 3950 solicite
1132 3908 1160 3952 et
1185 3899 1264 3950 labo·
1374 3948 1384 3969 ο

177 3968 248 4019 riose
273 3969 481 4037 quassaverunt,
513 3969 586 4020 hune
610 3969 662 4037 ipsi
688 3967 833 4021 nobiscum
860 3966 1010 4028 habentes,
1040 3983 1099 4018 euru
1124 3984 1265 4038 possemne

177 4049 242 4089 ante
260 4041 329 4091 alios
355 4040 414 4092 eius
432 4041 581 4091 amicitiam
603 4039 751 4110 consequi,
771 4056 804 4090 ea
822 4038 940 4109 quadam
968 4037 1119 4090 rusticitate
1140 4040 1262 4090 volentes

177 4107 384 4162 deseruerimus.
424 4114 506 4178 Atqui
525 4112 548 4164 si
574 4113 684 4181 quaudo
710 4127 773 4162 eum
796 4109 920 4162 Romanis
938 4111 998 4159 iura
1022 4108 1087 4161 dare
1105 4108 1263 4176 contigerit,

177 4196 295 4242 memor,
316 4198 344 4233 se
364 4180 468 4231 urrllunr
490 4181 556 4234 hine
574 4184 707 4235 arrailium
725 4179 888 4241 abstulisse,
922 4177 969 4232 sed
987 4180 1166 4252 quantumin
1183 4179 1264 4232 nubis

176 4248 249 4315 luit,
266 4255 348 4307 ctiam
366 4250 493 4307 hostibus
511 4255 568 4310 suia
588 4252 742 4315 obiectum,
760 4249 887 4324 (perinde
913 4249 1065 4313 estimem,
1082 4264 1156 4303 aune
1174 4250 1263 4323 ipsum
