2934 4700
212 308 297 365 nro
612 304 889 375 cinitonem

64 468 130 524 tc.
143 462 403 544 rtiidsdstypsesns
421 461 501 547 πρὸς
521 458 651 547 δκείνην.
680 457 824 548 φύλακάς
841 484 875 527 τε
893 458 954 547 γδρ
975 462 1147 546 ἐπέστησαν
1157 458 1292 542 „dedori-

209 581 288 635 πους
306 560 448 635 ἀναιδεῖς
466 558 522 623 κατ’
540 557 596 625 τὸν
614 556 730 647 τρόπον
749 558 948 647 βαρβάρους,
979 558 1034 624 καί
1050 561 1154 625 πᾶσαν
1173 560 1293 622 έπιδεί-

209 663 347 724 κνυοδαι
377 659 586 745 προσέταττον
615 662 743 745 πικρίαν
762 658 842 744 πρύς
864 657 1040 743 αύτὴνκαί
1058 658 1158 724 πάντα
1190 664 1293 721 ποιεῖν

209 760 264 844 ἐφ’
277 752 368 843 ύβρει
394 760 450 824 καί
465 758 709 845 καταφρονήσει.
752 758 793 823 τύ
812 782 845 824 τε
867 758 1023 842 ἀναγκαῖα
1044 753 1124 840 πρδς
1142 754 1291 842 τροφήν,

208 859 306 921 καίτοι
329 855 551 941 καὶπρότερον
570 858 684 933 ἐνδεοῦς
702 860 912 943 παρέχοντες,
933 854 981 921 ἔτι
997 859 1117 939 μᾶλλον
1136 855 1317 940 γλίσχρως5

206 957 390 1039 έχορήγουν.
435 956 522 1018 εἶδέ
542 978 616 1020 ποτε
643 954 709 1021 ἔδει
736 955 792 1020 καί
817 951 921 1037 ζωμόν
941 979 1011 1021 τινα
1039 958 1207 1039 παρέχειν,
1238 977 1292 1038 φι-

206 1054 552 1138 λανδρωπευσαμένοας
573 1055 686 1138 δῆθεν,
701 1052 831 1134 εἰδότες,
856 1054 900 1131 ὦς
919 1057 1102 1144 πολυτελείᾳ
1121 1051 1292 1139 ἐκτραφείη

206 1152 262 1218 κατ’
280 1157 390 1241 τρυφῇ
411 1153 466 1218 καί
486 1148 614 1230 ούδενὸς
634 1147 674 1219 δν
693 1148 1083 1236 ἅψαιτομεμολυσμένου,
1103 1150 1162 1228 τὰς
1179 1162 1294 1235 χεῖρας

176 1251 357 1328 θύνίπτους
384 1256 568 1335 καθιέντες,
598 1251 771 1338 διηρεύνων
791 1256 889 1337 δῆθεν
907 1251 960 1319 τὸν
982 1251 1104 1335 ζωμὸν,
1126 1256 1155 1316 εἰ
1174 1248 1219 1335 μη’
1241 1276 1291 1317 τοι

209 1348 297 1416 ἔνδον
318 1349 488 1437 κρύπτοιτο
509 1349 682 1437 γράμματα
700 1350 784 1436 παρὰ
806 1355 863 1416 τού
874 1350 945 1415 υἱοῦ
958 1352 1200 1433 ἀπεσταλμένα,
1223 1349 1334 1413 καί-ιο

209 1475 259 1517 τοι
280 1475 315 1534 γε
338 1450 434 1516 αύτοί
453 1455 517 1516 τῶν
536 1454 779 1536 προσαγομένων
807 1440 889 1526 ύντες
917 1447 1073 1535 μάγειροι.
1116 1447 1138 1513 ἃ
1160 1448 1291 1536 δρῶσα,

208 1556 326 1633 μᾶλλον
352 1549 456 1638 ᾑρεῖτο
488 1554 569 1639 λιμῷ
588 1552 700 1633 βιαίως
719 1550 956 1635 ἀποθνήσκειν,
983 1545 1005 1634 ἢ
1033 1546 1181 1615 τοιούτων
1202 1542 1290 1630 γεύε-

209 1655 297 1720 σθαι.
339 1651 374 1713 δν
401 1651 537 1732 χειμῶνι’
560 1675 591 1715 τε
626 1646 829 1739 σφοδροτάτῳ
851 1652 906 1715 καί
933 1646 1094 1735 νρυμιύδει
1118 1646 1289 1727 ούδεμίοιν,

209 1743 319 1814 ούίέκ
334 1751 395 1813 τῶν
415 1741 519 1815 ἄλλων
536 1750 738 1835 ἐπιτηδείων,
760 1741 832 1814 orire
852 1752 886 1815 έκ
908 1746 1008 1834 πυρὰς
1027 1750 1216 1834 παρείχοντο
1231 1770 1290 1808 πα-

209 1845 393 1932 ραμυδύνν,
421 1853 522 1913 καίτοι
551 1850 714 1930 βασιλίδος
732 1850 889 1933 μηδεμιᾶς
918 1845 997 1913 κατὰ
1017 1844 1054 1911 τύ
1076 1846 1170 1928 σαῖμα
1191 1844 1333 1928 δορα-15

209 1945 300 2023 πείας
330 1943 516 2031 κελευούσης
539 1937 741 2033 ’ἀποστερεῖν
782 1944 869 2033 παρὰ
899 1942 1007 2012 πόσύν
1038 1967 1071 2009 τε
1091 1944 1213 2029 ἡμέραν
1233 1942 1295 2006 osis
1380 1936 1383 1944 ’

209 2047 349 2110 ένέλιπον
378 2043 408 2109 oi
438 2045 576 2133 φύλακες
604 2043 659 2111 τὸν
690 2042 762 2110 υἱὸν
788 2045 931 2128 εἷσέμνοις
959 2045 1100 2128 ὑβρίζειν
1121 2041 1294 2125 εἰιάύτῆς,

211 2146 266 2210 καί
296 2144 339 2220 ὥς
369 2144 515 2230 ἀγγελίας
543 2148 638 2231 δῆθεν
659 2145 870 2226 πεπυσμένοι,
891 2138 1105 2231 ἀπήγγελλον,
1124 2145 1200 2206 ποτὲ
1218 2142 1293 2221 μὲν,

178 2242 255 2318 Βύς
276 2243 471 2331 συλληφθείη
493 2243 594 2321 iside
614 2243 670 2310 καί
693 2245 814 2326 ἆτίμας
834 2236 939 2327 ύγοιτο
958 2239 1169 2326 περικείμενος
1189 2237 1294 2307 utoni·

209 2336 319 2408 ditiore
341 2345 397 2427 δέ,
418 2342 462 2420 oie
480 2340 586 2430 μάχης
605 2346 792 2429 γενομένης,
813 2344 862 2409 ἐπ’
894 2343 995 2426 αύτῆς
1014 2341 1220 2426 ύποκτανδείη
1241 2338 1334 2406 καίεο

210 2432 315 2524 ύγοιτο
345 2441 366 2527 ἦ
396 2442 537 2529 sepeli,
563 2442 603 2530 ἣν
634 2444 843 2530 παραμυθίας
869 2440 958 2507 ’ἕνεκα
998 2444 1053 2506 καί
1082 2438 1158 2524 πρὸς
1193 2437 1294 2525 αύτην

210 2532 298 2622 ύγειν
318 2537 551 2625 ύπισχνούντο,
577 2540 633 2606 καί
652 2544 748 2626 ἕτερα
771 2539 918 2626 αδμότερα
938 2539 995 2606 καί
1025 2538 1293 2625 ἆπανθρονπύτερα

212 2640 333 2727 πολλῷ,
366 2642 401 2718 ἐξ
428 2631 473 2705 ὧν
491 2637 592 2725 ἐκείνη
615 2639 679 2729 τήν
701 2641 834 2726 καρδίαν
860 2637 1059 2726 ύπερζέσασα
1085 2640 1139 2703 καί
1157 2661 1294 2702 κατατα-

282 2820 504 2959 ηηηγηεηηηργιν.
560 2821 599 2892 ιλ(
619 2819 649 2884 tt
667 2819 863 2893 λπιμληματαν
880 2818 917 2874 bi
937 2836 989 2892 αις.
1006 2833 1057 2891 pro
1076 2815 1109 2874 λν
1125 2814 1183 2874 τδν
1202 2812 1293 2872 titur

211 3054 299 3107 nllnm
319 3069 403 3125 genas
428 3053 569 3108 molestiae
588 3051 614 3105 ei
632 3067 689 3106 non
706 3049 865 3105 adhibebat.
900 3050 967 3105 llam
986 3060 1014 3106 et
1031 3048 1155 3105 custodes
1173 3048 1216 3101 illi
1243 3046 1294 3100 de·

212 3124 255 3177 dit
285 3123 411 3178 homines
435 3122 608 3206 impudentes
636 3122 815 3194 moribusque
842 3121 988 3190 barbaros3
1013 3121 1114 3192 quibus
1141 3121 1294 3205 praecepit,

91 3248 97 3262 ‚
212 3212 320 3248 omnem
342 3195 372 3247 in
394 3195 474 3248 illam
497 3194 636 3246 diritatem
663 3209 821 3263 expromere
846 3199 875 3245 et
897 3211 980 3264 quam
1007 3192 1195 3261 indignissime
1228 3206 1292 3243 eon·

211 3266 445 3336 temptissimeque
463 3272 587 3318 tractare.
622 3264 694 3316 ilinc
710 3263 831 3336 quamvis
857 3272 937 3315 antea
955 3278 1065 3334 qnoque
1084 3265 1172 3314 victua
1194 3261 1220 3312 ei
1239 3277 1294 3311 ms-

213 3335 287 3403 ligne
307 3335 501 3405 praeberetur,
519 3342 612 3386 tamen
631 3331 661 3384 hi
679 3334 834 3386 tenuiorem
849 3332 939 3387 adhuc
954 3331 1177 3417 suppeditabant.
1212 3327 1295 3401 Quod

214 3406 237 3457 si
255 3404 381 3474 quando,
400 3404 488 3458 officio
505 3402 682 3457 humanitatis
699 3403 846 3466 videlieet,
864 3405 906 3456 ius
923 3402 1114 3487 porrigendum
1132 3408 1216 3463 esset,
1236 3417 1295 3452 cum

213 3475 288 3526 laute
307 3491 338 3525 ae
357 3473 475 3528 delicate
495 3473 656 3537 educatam,
680 3472 754 3527 nihil
774 3490 808 3526 ue
827 3489 907 3544 posse
924 3470 1091 3526 immundum
1109 3487 1141 3525 ac
1157 3468 1296 3524 sordidum

213 3553 324 3614 tangere
349 3560 405 3597 non
431 3544 586 3609 nescirent,
617 3560 711 3596 manus
741 3492 833 3598 λύσιοι
858 3545 1034 3596 immittentes
1061 3539 1297 3612 pervestigabant,

215 3611 315 3683 ecquid
332 3614 405 3666 intus
418 3615 536 3667 laterent
552 3629 568 3665 a
591 3613 649 3667 lilio
666 3615 794 3678 litterae,
821 3616 930 3669 tametsi
948 3612 1023 3685 quod
1041 3610 1211 3675 offerebant,
1229 3612 1297 3681 ipsi·

214 3693 272 3737 mot
290 3692 426 3736 coxerant
461 3683 545 3755 Quod
567 3702 630 3737 oum
654 3684 702 3737 illa
727 3684 849 3747 videret,
877 3687 974 3738 misera
993 3683 1063 3737 inme
1089 3683 1190 3746 emori,
1217 3698 1297 3751 quam

215 3757 374 3825 spurcitiem
401 3754 591 3809 huiuscemodi
615 3763 722 3823 gustare
747 3754 855 3814 maluit.
888 3755 985 3809 Hieme
1002 3760 1093 3806 autem
1116 3753 1246 3805 acerrima
1267 3768 1299 3804 ac

157 3868 160 3875 .
213 3824 361 3896 perfrigida
383 3842 434 3878 neo
457 3842 491 3878 ex
511 3834 586 3880 veste
609 3826 727 3895 stragulo
752 3824 786 3876 ad
810 3840 907 3894 eorpus
930 3822 1159 3894 cooperiendum,
1190 3838 1242 3873 nee
1264 3836 1298 3874 ex

214 3911 326 3948 accenso
345 3896 406 3947 ioco
424 3896 510 3947 ullum
528 3897 554 3948 ei
572 3896 701 3948 solatium
722 3894 929 3967 impertiebant,
947 3896 1069 3967 quamvis
1082 3892 1202 3963 Augusta
1222 3909 1297 3943 mnn-

216 3964 322 4028 dasset,
342 3967 419 4018 utin
438 3983 470 4018 ea
486 3964 604 4018 curanda
616 3964 688 4018 nihil
699 3965 969 4034 praetermitteretur.
988 3965 1156 4035 Quinetiam
1175 3968 1233 4014 toto
1251 3960 1296 4010 die

217 4034 359 4099 custodes,
377 4036 436 4105 ipsa
456 4037 603 4099 audiente,
620 4036 650 4089 in
670 4037 758 4087 lilium
775 4035 920 4087 maledieta
935 4036 995 4089 sine
1014 4036 1104 4088 fronte
1122 4035 1220 4085 iactare
1240 4046 1298 4085 non

217 4107 360 4159 cessabant
380 4114 426 4171 et,
443 4115 582 4177 tamquam
602 4107 624 4158 si
643 4109 755 4160 nuntios
773 4106 956 4173 accepissent,
982 4106 1026 4158 illi
1043 4102 1205 4164 narrabunt,
1228 4101 1297 4152 alias

220 4176 350 4248 quidem,
367 4186 471 4244 captum
491 4194 549 4229 esse
570 4184 598 4229 et
616 4176 718 4229 catenis
737 4175 844 4227 iniectis
869 4175 949 4229 foede
976 4177 1096 4247 raptari3
1121 4174 1204 4233 alias,
1221 4186 1297 4222 oom-

218 4249 301 4301 misso
316 4249 422 4319 proelio
442 4250 559 4303 occisum
571 4250 682 4319 iamque
699 4253 781 4316 caput
793 4247 897 4315 allerri,
915 4246 989 4319 qood
1005 4244 1200 4302 consolationis
1219 4256 1299 4295 eausa
