2934 4700
230 295 288 383 36
630 320 911 389 marturam

80 478 324 561 annalistae
343 471 390 542 ε”τι
408 471 443 541 τὸ
462 479 569 540 λεῖπον
595 477 633 540 σέ
652 497 688 541 τε
706 477 763 541 καί
789 477 882 540 τέκνα
902 472 958 540 καί
978 473 1037 559 τῆν
1056 467 1155 562 ἄλλην
1185 473 1313 546 ἅπασαν

128 582 293 652 &tersus
316 575 484 660 Ῥωμαιλιν
507 575 676 659 ἧχεμονιλιν
703 576 901 641 ἀπολέσθαι·
932 574 1019 665 edroi
1038 579 1313 662 δὲπροσίχοοσο,
1368 584 1379 616 ’“

123 696 156 755 v.
166 671 339 770 29tdpwtu
356 676 458 763 σαυτῇ
476 697 512 739 τε
531 676 588 739 καί
605 684 672 749 τοῖς
691 676 857 762 πράγμασι
867 673 1051 764 ambian?
1071 678 1102 741 εἰ
1120 674 1160 763 δὴ
1180 682 1316 745 τοιαῦτα

228 778 307 864 πρός
326 798 362 841 τε
384 775 541 859 βασιλέως
555 771 730 858 ἐδιδάχθην
746 775 802 839 καί
811 776 888 857 παρ’
905 776 1045 858 ἐμαυτῆς
1064 772 1149 860 edrai
1165 773 1205 842 τοὶ
1220 772 1317 859 ὅμοια

229 875 392 965 γινώσκω,
419 875 477 940 τίν’
498 871 569 957 ἔχοι
597 874 709 957 λόγον,
739 867 787 948 οἶς
807 869 904 949 αὐτὸς
924 878 1026 949 κακῶς
1046 875 1101 940 καί
1119 875 1163 952 ὥς
1183 879 1223 940 osl
1242 876 1337 944 trosti

229 974 430 1062 ἐβουλεύσω,
449 978 620 1039 πείθεσθαι
639 974 695 1038 καί
714 968 814 1058 αὐτην
831 968 966 1039 ἑκοῦσαν
986 969 1078 1039 εἶναι.
1118 969 1159 1041 da
1177 979 1237 1056 μὲν
1257 970 1317 1041 οὖν

230 1068 279 1152 οἷς
310 1070 395 1141 εἶπον
418 1069 477 1158 τὴν
505 1074 639 1139 οἷτοπίαν
665 1070 722 1137 καί
750 1070 846 1149 αὐτὸς
866 1072 1128 1158 τοῦπράγματος
1149 1070 1318 1159 ὅσηιιατι-

231 1173 309 1259 διόν,
329 1169 455 1262 α’πόσχῃ
467 1176 527 1238 τοῦ
552 1196 588 1238 τε
607 1174 742 1238 τοιαῦτα
763 1170 819 1236 καί
826 1168 1038 1256 βουλεύεσθαι
1058 1177 1111 1237 καὶ
1134 1177 1242 1259 λέγειν,
1263 1171 1321 1240 καὶ

231 1279 297 1342 τοῖν
326 1269 541 1359 πραγμάτων,
570 1267 675 1356 οἵσπερ
708 1272 843 1352 εἴωθας,
876 1267 1046 1354 ἐχόμενος,
1076 1270 1173 1348 αὖτίς
1198 1276 1259 1355 μὲν
1277 1270 1318 1339 τοὶ

232 1377 324 1460 κοινῇ
345 1374 532 1439 συνοίσοντα
548 1370 729 1453 Ῥωμαίοις,
746 1369 802 1435 καί
819 1370 874 1455 τῆς
896 1362 1021 1435 ἄνωθεν
1047 1370 1156 1457 χειρὸς
1178 1392 1361 1459 serape-ro

232 1476 389 1559 πτομίνης
400 1522 412 1554 ,
444 1470 600 1559 πράττῃς,
629 1469 703 1553 ἐμοὶ
722 1473 759 1536 δὲ
786 1472 927 1558 παρέχῃς
954 1466 1109 1554 ἡσυχίαν,
1137 1469 1196 1549 τὰς
1240 1472 1322 1553 ἐμοῖς

233 1577 363 1659 θρηνεῖν
382 1575 438 1637 καί
457 1566 625 1635 κόπτεσθαι
645 1568 835 1656 συμφορὰς,
859 1570 975 1656 (τοῦτο
994 1569 1057 1655 γὰρ
1080 1572 1153 1650 ἐμοί
1172 1595 1323 1655 παρομυι

201 1673 292 1737 Βθια
312 1666 407 1753 μόνον
427 1667 483 1735 καί
500 1672 562 1735 ταῖν
581 1671 684 1734 κακῶν
704 1667 882 1756 ἀνακωχὴ)
905 1668 1012 1733 δίκαιοί
1027 1692 1060 1733 τε
1073 1666 1156 1750 ὁμοῦ
1171 1668 1227 1733 καί
1239 1694 1323 1750 συμ-

235 1774 373 1859 φέροντα
393 1773 451 1834 καί
470 1771 576 1856 σαυτῷ
598 1767 798 1855 προσήκοντα
817 1767 969 1852 ποιήσεις.
1011 1761 1051 1832 ἂν
1071 1769 1107 1834 δὲ
1125 1766 1226 1833 πάντα
1247 1769 1323 1832 διοτ-

234 1869 371 1953 σιὶμενος
390 1871 448 1933 καί
474 1867 680 1955 ἀπορρίψας,
711 1864 780 1945 ἑνὸς
800 1866 901 1950 μόνου
920 1870 994 1955 γένῃ
1014 1872 1073 1932 τοῦ
1085 1876 1150 1943 τοῖς
1172 1869 1362 1951 tropaeis

235 1993 301 2046 νοις
320 1971 533 2054 ἐγκαρτερεῖν,
568 1969 647 2031 πᾶσι
666 1967 792 2053 χαίρειν
813 1963 932 2047 εἰπών,
964 1965 984 2028 ii
1002 1965 1060 2030 καὶ
1076 1965 1156 2050 αὕτη
1177 1963 1323 2050 ποιήσω,

236 2070 291 2133 σοί
317 2062 409 2152 diona
441 2066 590 2152 φανερόν.
630 2069 737 2132 πᾶσαν
762 2062 824 2151 γοὶρ
846 2066 927 2129 αἰδοῖ
948 2063 1002 2130 καί
1023 2066 1204 2149 γυναικείαν
1225 2061 1324 2131 οἷσθέ-

237 2192 326 2234 νειαν
356 2163 537 2251 ἀποθεμένη
565 2164 621 2243 καί
646 2169 708 2231 τοῖν
738 2168 795 2231 τοῦ
828 2175 1005 2253 σωφρονεῖν
1031 2162 1138 2250 οἵσπερ
1168 2166 1326 2250 λογισμῶν

236 2265 299 2332 ὑπὸ
319 2268 477 2350 μεγέθους
496 2267 686 2349 ἐντραπεῖσα
704 2267 770 2339 τῶν
790 2267 914 2345 κακῶν,
936 2261 1017 2329 κατὰ
1036 2269 1137 2350 μέσην
1157 2263 1215 2350 τήν
1233 2262 1327 2330 πόλιν

236 2370 387 2451 γενομένη
415 2367 471 2429 καί
499 2365 655 2430 ἀναθεῖσα
675 2359 790 2449 ἓσυτῆν
813 2363 872 2428 ἐπί
885 2386 971 2439 τινος
988 2363 1149 2449 μετεώρου
1161 2414 1172 2445 ,
1206 2366 1248 2429 ἵν’
1271 2360 1369 2452 ἐξῇτε

239 2461 293 2530 διὰ
329 2463 457 2529 πάντων
484 2465 671 2540 ἐξικνεῖσθαι
698 2460 756 2546 τὴν
789 2460 912 2548 φωνὴν,
950 2456 1060 2550 ὄρθιον
1085 2459 1244 2548 βοήσομαι
1272 2462 1329 2530 καί

238 2559 554 2646 μεγαλοφωνότστον·
596 2555 709 2645 ἄνδρες
723 2557 898 2643 Ῥωμαῖοι,
921 2565 1042 2643 μᾶλλον
1064 2565 1100 2628 di
1113 2565 1170 2627 καί
1180 2560 1328 2648 Ἓλληνες

214 2664 300 2730 (ἱππί
325 2657 485 2748 βάρβαροι
504 2661 634 2743 πάντες,
656 2652 695 2724 εὖ
720 2656 810 2745 ἴστε,
838 2660 881 2738 οἷς
900 2657 1003 2727 πάντα
1023 2660 1165 2729 initote
1185 2661 1240 2727 καί
1261 2662 1328 2727 ded·

309 2844 335 2898 (i
354 2843 381 2895 ελ
397 2842 453 2915 μὲν
471 2844 500 2898 Ρ.
609 2839 793 2914 aratorium
808 2849 838 2897 et
851 2845 988 2915 παρέχεις
1004 2843 1033 2897 P.

242 2985 399 3040 universum
421 2982 574 3038 necessario
603 2984 740 3054 peribitis.
788 2983 838 3037 Sin
871 2985 915 3037 illi
938 3002 1040 3039 morem
1064 2991 1195 3057 gesseris,
1221 2988 1274 3043 tibi
1300 2996 1329 3044 et

242 3056 424 3127 reipublicae
438 3058 521 3107 etiarn
539 3063 622 3126 atque
642 3057 724 3107 etiam
745 3055 891 3126 profueris.
925 3057 955 3109 Si
974 3060 1058 3127 igitur
1075 3060 1142 3112 bace
1157 3063 1192 3113 ab
1209 3061 1328 3131 impera·

243 3136 303 3182 tore
329 3126 415 3179 didici
442 3135 471 3179 et
497 3142 547 3195 per
567 3143 611 3178 me
637 3126 766 3179 similiter
793 3126 906 3190 iudico,
942 3128 1081 3199 quomodo
1115 3146 1171 3184 non
1202 3133 1330 3201 ineptum

243 3200 298 3262 sit,
323 3212 394 3270 quae
419 3206 450 3250 tu
472 3198 544 3249 male
561 3206 589 3248 et
614 3213 690 3260 secus
708 3212 791 3269 quam
808 3196 924 3250 decebat
941 3200 1085 3266 cogitasti,
1102 3201 1139 3253 iis
1155 3217 1199 3254 me
1217 3218 1330 3274 qaoque

242 3268 363 3321 libenter
387 3265 533 3321 assentiri?
568 3267 659 3338 Quare
686 3266 710 3317 si
737 3285 771 3320 ex
799 3266 842 3320 his
860 3283 931 3338 quae
949 3267 1024 3334 disi,
1043 3276 1072 3321 tu
1094 3287 1331 3342 quoque,summs

243 3340 285 3392 rei
303 3339 469 3405 indignitate
485 3344 637 3406 perspecta,
658 3337 726 3389 bauo
746 3337 817 3390 velle
838 3345 867 3390 et
883 3339 962 3409 loqui
979 3340 1093 3392 desieris
1111 3350 1141 3395 et
1158 3351 1190 3394 ut
1214 3359 1331 3396 consue·

243 3423 340 3474 veras,
366 3409 396 3461 ln
420 3409 597 3479 gubernando
617 3410 797 3479 processeris,
815 3410 874 3477 ipse
893 3409 1007 3480 quidem
1025 3411 1118 3462 divina
1137 3422 1166 3467 te
1183 3412 1332 3467 adiuvante

243 3494 345 3540 manu,
363 3482 482 3549 quaein
500 3493 642 3531 commune
664 3480 791 3533 Romanis
808 3478 1020 3534 commodabunt
1036 3481 1146 3535 efficies:
1171 3483 1241 3536 mibi
1264 3498 1330 3537 vero

245 3565 263 3600 ι
285 3549 487 3602 calamitatibus
518 3551 586 3601 meis
618 3548 752 3602 deflendis
783 3565 816 3602 sc
836 3551 998 3620 plangendis
1020 3554 1143 3624 requiem
1170 3556 1332 3622 praeambit,

245 3635 318 3691 qnae
346 3619 405 3671 sola
431 3619 484 3671 erit
511 3619 662 3671 consolatio
687 3636 748 3672 mea
779 3627 808 3673 et
833 3622 966 3672 malorum
986 3639 1109 3674 meorum
1134 3623 1280 3689 induciae,
1300 3633 1330 3678 et

245 3706 318 3763 qaae
339 3691 429 3752 iusta,
449 3690 530 3740 utilia
548 3691 658 3759 tibique
679 3688 778 3744 decora
797 3701 861 3745 sunt
880 3693 1060 3775 perpetrabis.
1097 3694 1146 3745 sin
1164 3698 1329 3765 contemptis

245 3766 275 3813 et
292 3758 407 3812 abiectis
426 3759 554 3812 omuibus
577 3760 630 3813 boc
645 3778 701 3813 uno
719 3771 749 3815 te
767 3761 967 3825 obfirmarem,
986 3763 1062 3833 quod
1080 3762 1132 3815 tibi
1152 3765 1332 3836 proposuisti,

245 3831 316 3901 quid
340 3833 400 3900 ipsa
428 3839 521 3881 contra
539 3831 643 3884 lectura
661 3832 728 3897 sim,
747 3832 907 3886 enuntiabo.
944 3833 1026 3886 Omni
1045 3835 1210 3895 verecundia
1230 3846 1259 3890 et
1277 3839 1333 3889 im-

244 3900 400 3953 becillitate
421 3901 551 3954 muliebri
576 3902 701 3972 deposita
727 3915 759 3955 ac
783 3903 868 3956 veluti
891 3920 956 3975 prae
979 3906 1113 3957 malorum
1142 3905 1332 3976 magnitudine

244 3974 346 4024 mentis
371 3974 468 4043 inops,
493 3974 522 4023 in
549 3972 640 4025 media
667 3972 735 4025 urbe
753 3972 814 4026 loco
834 3973 928 4043 aliquo
947 3975 1064 4028 editiore
1085 3992 1241 4040 conscenso,
1256 3973 1331 4030 unde

245 4041 329 4098 verba
349 4058 409 4094 mea
428 4043 462 4093 ud
482 4044 604 4094 omnium
625 4058 704 4095 aures
723 4043 895 4107 allabuntur,
914 4044 1099 4098 intentissima
1115 4047 1332 4117 plenissimaque

245 4127 311 4167 voce
330 4113 501 4166 exclamabo:
518 4114 572 4166 viri
588 4114 702 4166 Romani
720 4130 823 4184 vosque
843 4115 942 4167 Graeci
961 4132 1064 4187 vosque
1082 4117 1203 4183 barbari,
1220 4116 1333 4185 audite3

245 4182 403 4256 perierunt,
424 4184 583 4237 occiderunt
602 4185 712 4246 omnia,
730 4200 782 4236 nec
798 4183 855 4236 ulla
874 4191 968 4237 manet
986 4187 1080 4239 amieis
1104 4187 1178 4259 apud
1203 4186 1332 4242 homines

245 4256 341 4326 gratie,
359 4270 410 4308 uec
429 4257 557 4329 cuiquam
575 4254 676 4311 veritas
688 4261 717 4307 et
732 4255 842 4308 iustitia
859 4269 941 4310 curae
958 4265 1039 4331 τοττι,
1058 4266 1089 4313 et
1101 4260 1188 4318 animi
1202 4267 1332 4315 constans
