2934 4700
257 269 345 386 474
658 297 936 367 municione

108 466 170 524 ΔΩ
184 467 248 539 1343
256 453 311 525 καί
328 452 373 539 μή
395 460 500 541 ληρεῖν
529 450 668 518 α’δόνατα
692 452 848 529 όξιούντα.
889 455 948 517 τού
975 454 1011 520 δὲ
1041 452 1159 537 μηδενί
1175 476 1222 543 τρι
1239 451 1340 545 δείρᾳ
1378 504 1381 509 ·

225 568 240 586 ”
252 559 385 638 ἐξειπεῖν
397 548 438 619 όν
451 554 724 638 διισχυριζομένου
737 600 748 635 ,
771 552 919 635 ήπειλουν
929 555 1106 636 μαστιχούν,
1126 555 1183 616 ναί
1211 553 1338 641 ἔνφορα

251 655 291 721 τό
317 647 482 741 ἇπόβρητα
503 660 605 716 ποιεῖν
631 648 912 735 προσαναχκόσειν.
951 650 995 729 οός
1023 653 1058 717 δὲ
1079 650 1173 716 ούδδν
1193 654 1336 718 eustos

249 750 329 838 πρός
348 750 405 828 τός
426 746 578 835 οἷπειλός,
601 748 656 814 καί
673 746 730 824 τός
750 749 870 834 πληχός
890 752 1013 835 όπήχον.
1041 745 1058 813 ό
1081 752 1112 815 d'
1126 749 1219 815 ούδὲν
1238 744 1333 835 ἦττον

250 850 388 937 ἔφασκεν
408 847 616 934 ἀποκρύψαι,
638 846 679 917 όν
698 853 753 916 καί
771 846 931 935 δεινότεροι
945 852 1117 932 τολμῶσιν·
1137 849 1246 915 εἰδότα
1264 843 1353 936 χόρὸ

249 946 303 1019 oia
331 948 411 1036 πρός
443 952 594 1034 Βρουλιῖν
620 955 676 1036 τῆς
703 946 828 1038 εἰρήνης
853 951 945 1015 ἓνεκα
969 946 1118 1035 πρότερον
1146 947 1333 1034 τετόλμηται

249 1049 398 1132 ἐλθόντα,
429 1046 529 1124 ούτοις
556 1044 645 1135 ήκειν
673 1051 986 1135 παρεσκευασμένον,
1015 1047 1059 1127 ὥς
1076 1052 1183 1116 πᾶσαν
1201 1046 1331 1115 οἴσοντα

248 1144 387 1214 κόκιοσιν
417 1151 473 1214 καί
498 1148 672 1233 παροινίαν.
712 1147 809 1230 όμὲν
828 1139 886 1213 oda
915 1142 1016 1225 οότιις
1041 1141 1193 1234 ύπτόητος
1224 1146 1328 1232 ὁρᾶτο

218 1249 304 1323 cuci
322 1244 401 1333 πρός
425 1248 593 1332 καρτερίαν
611 1249 905 1332 παρεσκευασμένος
923 1248 986 1312 τοῖν
1008 1247 1128 1313 δεινόν.
1167 1244 1196 1311 οἰ
1215 1248 1246 1310 δ’
1257 1247 1329 1312 ἐπεί

246 1345 355 1431 idque
384 1341 555 1423 α’δυνότοις
576 1347 806 1429 ἐπιχειροῦντες
813 1395 824 1428 ,
865 1341 968 1411 πολλοὶ
993 1347 1040 1421 εἰς
1065 1339 1165 1411 αύτόν
1189 1345 1245 1411 καί
1269 1343 1367 1412 resto

243 1450 417 1528 πέμψαντα
443 1442 646 1531 ύβρίοαντες,
674 1443 784 1510 ἔπειτα
811 1440 981 1529 ἐξήλαυνον
999 1436 1057 1528 τῆς
1080 1439 1202 1522 πόλεως
1221 1439 1327 1532 oririq-

242 1542 340 1630 μερόν
359 1545 479 1630 μηδένα
500 1547 575 1629 περί
592 1548 651 1628 τῆς
671 1541 841 1630 πρεσβείας
860 1541 949 1627 λόγον
982 1540 1200 1629 ποιησόμενοι.
1243 1538 1262 1608 ό
1287 1546 1326 1610 δὲ

241 1640 322 1726 πρός
338 1646 472 1725 βασιλέα
492 1641 533 1707 τό
553 1645 739 1728 γεγενημένα
757 1643 948 1728 ἀπήγγελλεν
961 1640 1078 1710 tiedr-
1100 1636 1241 1720 κάκεῖνος
1260 1635 1324 1729 ήδη

242 1741 301 1826 τήν
331 1739 456 1827 εἰρήνην
477 1741 652 1825 οἰποχνοδς,
680 1738 888 1829 ἐστράτευσα
913 1745 969 1810 dui
986 1746 1018 1809 Γ
1015 1746 1162 1829 αρόλλαν.
1201 1747 1323 1809 Κοντο-

238 1844 396 1927 στόφανος
415 1842 453 1906 δὲ
472 1839 490 1906 ό
511 1841 629 1926 ταύτης
648 1833 759 1928 όρχοιν
787 1844 1028 1929 προσεχώρησεν
1062 1837 1143 1907 ἐτεόν
1160 1846 1207 1931 rqi
1224 1835 1360 1924 βασι-15

238 1947 292 2005 ter
318 1939 374 2005 καί
402 1943 566 2026 παρέδωκε
585 1940 642 2026 τήν
661 1939 768 2008 πόλιν·
801 1945 835 2008 ἰν
855 1935 875 2030 ᾗ
896 1944 951 2008 καί
969 1940 1196 2027 Καταβοληνός
1211 1939 1319 2007 Ἰαόν-

234 2064 291 2124 νης
310 2037 390 2125 πρός
412 2042 545 2121 βασιλέα
563 2033 671 2125 ἤχθη,
700 2042 765 2107 τοῖν
785 2042 912 2107 οἰκετῶν
929 2045 984 2126 τῆς
1000 2042 1163 2123 βασιλίδος
1182 2033 1239 2107 τόν.
1280 2035 1318 2107 ὃν

233 2135 371 2221 ἔπεμπεν
390 2141 436 2214 εἰς
447 2135 624 2217 Βυζάντιον
644 2142 772 2225 αύτύια,
793 2136 941 2225 μηδενός,
962 2130 1007 2204 οόν
1026 2133 1124 2223 εἶχεν,
1143 2132 1319 2226 ἀποστερη-

232 2240 349 2320 eino,
390 2235 479 2322 ήξίου
506 2261 541 2303 τε
573 2232 669 2314 edice
695 2238 910 2305 καταλύεσθαι
935 2235 988 2303 τόν
1020 2237 1157 2323 πόλεμον
1193 2238 1251 2302 καί
1265 2230 1315 2323 μή

200 2338 287 2403 nist
306 2335 366 2422 τήν
394 2337 474 2422 πρός
503 2336 658 2422 α’λλήλους
677 2338 783 2405 adroic
804 2340 995 2426 φιλονεικιόιν
1012 2336 1052 2405 τό
1070 2332 1224 2423 όνήιιεσεα
1248 2340 1354 2408 iss-ao

232 2437 272 2504 νδ
287 2437 469 2520 Ῥωμαίους
488 2438 664 2519 ύπομόνειν.
683 2436 882 2524 πατριάρχης
901 2441 938 2505 δί
956 2436 1058 2505 sotei
1085 2442 1192 2505 λοιποί
1218 2432 1316 2505 ούδὲν

230 2529 340 2620 ἧττον,
360 2530 383 2620 ή
405 2536 576 2623 πρότερον,
595 2536 730 2624 ᾑροῦντο
752 2543 908 2620 πολεμεῖν.
943 2556 952 2568 ’

226 2734 366 2803 legatione
391 2754 449 2793 non
470 2740 532 2811 pius
550 2740 652 2793 habere
669 2756 708 2805 re,
726 2741 802 2812 quod
820 2742 970 2803 nuntiaret,
988 2758 1069 2814 anm
1087 2742 1117 2795 in
1136 2740 1239 2795 litteris
1256 2757 1309 2813 po·

224 2805 307 2859 ritum
324 2818 414 2863 esset:
431 2812 577 2880 separatim
594 2810 710 2875 habere,
730 2828 800 2884 quae
817 2812 984 2884 imperatrici
1005 2811 1094 2875 dicat,
1121 2828 1192 2884 quae
1210 2814 1300 2865 iusrna
1372 2873 1378 2888 Ι

223 2878 262 2930 ait
278 2878 349 2941 ioli,
376 2883 486 2933 nemine
503 2883 557 2934 aiio
575 2891 725 2951 praesente,
744 2883 843 2936 dicere.
879 2883 926 2937 illi
945 2884 1058 2946 instant,
1085 2890 1116 2934 ut
1133 2882 1187 2935 sibi
1206 2899 1238 2935 ea
1253 2900 1301 2934 ar-

223 2962 291 3001 cana
315 2947 441 3020 detegat:
460 2961 488 3005 et
507 2967 543 3004 ue
562 2952 657 3023 inepte
674 2963 803 3016 conetur,
831 2947 907 3024 'quod
928 2953 1047 3004 obtineri
1064 2968 1119 3005 non
1136 2955 1230 3021 possit
1264 2953 1307 3006 Eo

221 3028 407 3083 enumerante,
431 3024 501 3075 nulli
521 3022 601 3074 alteri
618 3025 839 3086 enuntiatorum,
860 3023 974 3092 flagellis
995 3031 1098 3075 recreta
1116 3024 1165 3074 illa
1185 3037 1302 3091 expres·

220 3105 298 3143 suros
323 3093 540 3147 interminantur.
570 3093 638 3145 Cum
657 3095 692 3146 ud
712 3097 799 3146 minas
817 3101 902 3145 staret
915 3093 1130 3163 imperterritus,
1147 3092 1241 3164 plagas
1259 3093 1306 3144 in·

219 3163 337 3214 cntiunt
380 3164 406 3215 Iu
427 3163 515 3218 nihilo
533 3165 638 3228 minus,
665 3165 789 3236 quamvis
819 3163 960 3216 acerbiora
981 3164 1129 3225 auderent,
1156 3180 1186 3216 re
1205 3179 1305 3215 arcana

218 3231 369 3286 celaturum
398 3232 563 3298 affirmabat,
590 3237 777 3307 scientemque
802 3236 888 3304 probe
917 3249 988 3303 qune
1007 3236 1037 3285 in
1054 3235 1161 3287 Bruiam
1179 3234 1215 3288 de
1235 3249 1304 3303 paee

215 3301 336 3371 legatum
361 3310 441 3356 antea
466 3306 669 3374 designassent,
693 3306 727 3359 acl
757 3306 984 3375 qualemcumque
1010 3319 1104 3357 eorum
1127 3305 1303 3357 uexationem

214 3373 454 3490 petulantiamque
482 3376 661 3428 sufferendam
686 3384 841 3444 promptum
860 3381 889 3426 et
906 3375 1022 3428 alacrem
1041 3375 1144 3432 venire.
1180 3373 1302 3441 Chryso-

238 3457 312 3511 erges
331 3444 401 3496 adeo
418 3444 573 3516 intrepidus
591 3446 671 3497 etad
689 3446 835 3498 horribilia
862 3460 988 3517 quaeque
1007 3445 1168 3515 excipienda
1189 3450 1303 3514 paratus

215 3518 280 3563 erat
317 3512 465 3565 Archontes
490 3522 522 3566 ut
544 3516 574 3567 in
591 3522 651 3569 aiere
673 3532 701 3567 se
722 3518 824 3636 qniscari
845 3516 991 3579 uiderunt,
1020 3517 1111 3585 ipsum
1144 3522 1213 3566 eta
1245 3531 1304 3598 qno

214 3580 343 3636 veniebat
371 3583 466 3635 multis
492 3584 599 3652 probris
630 3587 720 3638 consci
742 3594 837 3638 erunt:
868 3585 1034 3656 homineque
1056 3584 1152 3639 eodem
1168 3585 1215 3638 die
1232 3587 1303 3638 cirr-

213 3657 272 3704 tate
289 3653 384 3722 pulso,
403 3651 437 3705 de
454 3668 487 3705 eo
514 3655 602 3725 legato
621 3655 694 3723 apud
711 3656 909 3722 imperatricem
926 3674 962 3709 ne
989 3656 1159 3710 mollierunt
1175 3654 1299 3726 quiden.

212 3721 265 3774 tile
290 3722 325 3775 ad
352 3726 544 3794 imperatorem
573 3741 703 3788 reversus,
719 3726 788 3795 quid
814 3726 868 3778 sibi
885 3726 1038 3791 accidisset,
1060 3726 1188 3778 narrarit
1223 3722 1291 3791 Qui,

212 3793 287 3862 pacis
316 3810 364 3863 spe
395 3797 531 3864 proiecta,
559 3795 697 3849 Garelinm
723 3813 784 3848 cum
810 3797 897 3866 eopiir
925 3797 1013 3860 abiit,
1038 3797 1115 3848 cuius
1139 3795 1294 3879 praelectus

211 3862 451 3934 Contostephanue
474 3883 530 3918 non
550 3866 691 3920 illibenter
709 3867 734 3918 ei
753 3884 782 3919 se
799 3885 860 3919 cum
878 3867 980 3936 oppido
998 3867 1128 3928 tradidit:
1143 3883 1171 3918 in
1189 3880 1242 3934 quo
1265 3869 1298 3914 et

210 3934 325 3986 loannes
354 3933 566 3999 Cantnbolenus‚
582 3955 650 3989 uniit
668 3954 684 3990 e
704 3937 859 3990 domesticis
886 3938 1025 4005 Augustae
1049 3937 1188 3998 ministris,
1205 3932 1298 3985 addu-

210 4012 269 4057 ctus
294 4013 343 4064 ert.
388 4007 478 4077 Quem
511 4008 619 4068 subito,
643 4009 720 4060 nulla
748 4026 776 4060 re
801 4010 966 4076 spoliatum,
992 4010 1147 4076 Byzantium
1171 4005 1296 4067 mittent,

209 4090 317 4128 rursum
339 4086 416 4144 rogat
439 4077 541 4129 bellum
570 4078 676 4139 sederi,
703 4086 731 4129 ot
750 4095 785 4131 ne
804 4096 852 4147 per
873 4089 995 4131 mutuum
1022 4096 1116 4132 corum
1136 4075 1297 4129 contentio·

208 4161 272 4197 nem
305 4149 417 4199 Romani
450 4148 555 4200 damnis
588 4157 739 4201 mactentur
770 4147 1005 4217 irreparabilibus.
1050 4150 1179 4203 Celerum
1206 4146 1299 4218 patri·

207 4217 287 4270 arrha
305 4226 332 4271 ct
353 4218 453 4291 reliqui
473 4219 577 4272 bellum
592 4256 600 4282 ‚
618 4228 649 4272 ut
669 4235 793 4290 acruper¹
814 4220 962 4277 malebant
