<?xml version="1.0" encoding="UTF-8"?>
<!DOCTYPE html PUBLIC "-//W3C//DTD XHTML 1.0 Transitional//EN"
    "http://www.w3.org/TR/xhtml1/DTD/xhtml1-transitional.dtd">
<html xmlns="http://www.w3.org/1999/xhtml" xml:lang="en" lang="en">
 <head>
  <title>
</title>
<meta http-equiv="Content-Type" content="text/html;charset=utf-8" />
  <meta name='ocr-system' content='tesseract 3.04.00' />
  <meta name='ocr-capabilities' content='ocr_page ocr_carea ocr_par ocr_line ocrx_word'/>
</head>
<body>
  <div class='ocr_page' id='page_1' title='image "./ioanniscantacuz02joangoog_0022.png"; bbox 0 0 2934 4700; ppageno 0'>
   <div class='ocr_carea' id='block_1_1' title="bbox 196 176 853 285">
    <p class='ocr_par' dir='ltr' id='par_1_1' title="bbox 196 176 853 285">
     <span class='ocr_line' id='line_1_1' title="bbox 196 176 853 285; baseline 0.006 -6"><span class='ocrx_word' id='word_1_1' title='bbox 196 191 223 279; x_wconf 85' lang='lat'>8</span> <span class='ocrx_word' id='word_1_2' title='bbox 646 176 853 285; x_wconf 61' lang='lat' dir='ltr'><strong><em>nicoeni</em></strong></span> 
     </span>
    </p>
   </div>
   <div class='ocr_carea' id='block_1_2' title="bbox 122 355 1315 4222">
    <p class='ocr_par' dir='ltr' id='par_1_2' title="bbox 122 355 1315 4222">
     <span class='ocr_line' id='line_1_2' title="bbox 194 355 1281 458; baseline -0.003 -26"><span class='ocrx_word' id='word_1_3' title='bbox 194 355 304 432; x_wconf 70' lang='lat' dir='ltr'><strong><em>donam</em></strong></span> <span class='ocrx_word' id='word_1_4' title='bbox 322 374 357 430; x_wconf 85' lang='lat' dir='ltr'><strong><em>de</em></strong></span> <span class='ocrx_word' id='word_1_5' title='bbox 373 391 442 444; x_wconf 84' lang='lat' dir='ltr'><strong><em>pace</em></strong></span> <span class='ocrx_word' id='word_1_6' title='bbox 457 372 522 458; x_wconf 68' lang='grc'>(64)</span> <span class='ocrx_word' id='word_1_7' title='bbox 567 372 757 431; x_wconf 80' lang='lat' dir='ltr'><strong><em>Cantacueeni</em></strong></span> <span class='ocrx_word' id='word_1_8' title='bbox 772 374 881 442; x_wconf 69' lang='lat' dir='ltr'><strong><em>legatus</em></strong></span> <span class='ocrx_word' id='word_1_9' title='bbox 894 371 981 444; x_wconf 80' lang='lat' dir='ltr'><strong><em>finde</em></strong></span> <span class='ocrx_word' id='word_1_10' title='bbox 1007 370 1211 446; x_wconf 66' lang='lat' dir='ltr'><strong><em>emiturque</em></strong></span> <span class='ocrx_word' id='word_1_11' title='bbox 1228 392 1281 430; x_wconf 86' lang='lat' dir='ltr'><strong><em>ae·</em></strong></span> 
     </span>
     <span class='ocr_line' id='line_1_3' title="bbox 197 440 1281 516; baseline -0.001 -18"><span class='ocrx_word' id='word_1_12' title='bbox 197 447 312 516; x_wconf 84' lang='lat' dir='ltr'><strong><em>cipitur.</em></strong></span> <span class='ocrx_word' id='word_1_13' title='bbox 348 444 507 514; x_wconf 80' lang='lat' dir='ltr'><strong><em>Apocuuchs</em></strong></span> <span class='ocrx_word' id='word_1_14' title='bbox 526 440 685 497; x_wconf 87' lang='lat' dir='ltr'><strong><em>maledicta.</em></strong></span> <span class='ocrx_word' id='word_1_15' title='bbox 719 446 1067 513; x_wconf 80' lang='lat' dir='ltr'><strong><em>Amuriusquarelitteras</em></strong></span> <span class='ocrx_word' id='word_1_16' title='bbox 1082 445 1138 496; x_wconf 82' lang='lat' dir='ltr'><strong><em>sihi</em></strong></span> <span class='ocrx_word' id='word_1_17' title='bbox 1154 443 1281 499; x_wconf 85' lang='lat' dir='ltr'><strong><em>redditae</em></strong></span> 
     </span>
     <span class='ocr_line' id='line_1_4' title="bbox 197 512 1281 598; baseline -0.004 -27"><span class='ocrx_word' id='word_1_18' title='bbox 197 517 238 571; x_wconf 91' lang='lat' dir='ltr'><strong><em>atl</em></strong></span> <span class='ocrx_word' id='word_1_19' title='bbox 255 519 446 586; x_wconf 69' lang='lat' dir='ltr'><strong><em>imperatorem</em></strong></span> <span class='ocrx_word' id='word_1_20' title='bbox 464 512 602 567; x_wconf 88' lang='lat' dir='ltr'><strong><em>detulerit.</em></strong></span> <span class='ocrx_word' id='word_1_21' title='bbox 636 514 769 582; x_wconf 85' lang='lat' dir='ltr'><strong><em>Episcopi</em></strong></span> <span class='ocrx_word' id='word_1_22' title='bbox 778 513 1027 581; x_wconf 82' lang='lat' dir='ltr'><strong><em>Didymotichensis</em></strong></span> <span class='ocrx_word' id='word_1_23' title='bbox 1035 513 1203 598; x_wconf 88' lang='lat' dir='ltr'><strong><em>praedictio.</em></strong></span> <span class='ocrx_word' id='word_1_24' title='bbox 1226 516 1281 567; x_wconf 80' lang='lat' dir='ltr'><strong><em>Ca·</em></strong></span> 
     </span>
     <span class='ocr_line' id='line_1_5' title="bbox 197 580 1280 656; baseline -0.006 -14"><span class='ocrx_word' id='word_1_25' title='bbox 197 586 281 642; x_wconf 86' lang='lat' dir='ltr'><strong><em>stella</em></strong></span> <span class='ocrx_word' id='word_1_26' title='bbox 300 588 426 654; x_wconf 74' lang='lat' dir='ltr'><strong><em>Meropes</em></strong></span> <span class='ocrx_word' id='word_1_27' title='bbox 443 596 468 635; x_wconf 86' lang='lat' dir='ltr'><strong><em>et</em></strong></span> <span class='ocrx_word' id='word_1_28' title='bbox 485 584 614 647; x_wconf 85' lang='lat' dir='ltr'><strong><em>pecuarii</em></strong></span> <span class='ocrx_word' id='word_1_29' title='bbox 624 600 651 637; x_wconf 89' lang='lat' dir='ltr'><strong><em>se</em></strong></span> <span class='ocrx_word' id='word_1_30' title='bbox 667 580 789 650; x_wconf 75' lang='lat' dir='ltr'><strong><em>dedum,</em></strong></span> <span class='ocrx_word' id='word_1_31' title='bbox 807 584 906 655; x_wconf 79' lang='lat' dir='ltr'><strong><em>quibus</em></strong></span> <span class='ocrx_word' id='word_1_32' title='bbox 916 586 1084 638; x_wconf 83' lang='lat' dir='ltr'><strong><em>Momiteelus</em></strong></span> <span class='ocrx_word' id='word_1_33' title='bbox 1095 586 1280 656; x_wconf 71' lang='lat' dir='ltr'><strong><em>praeficitur.-</em></strong></span> 
     </span>
     <span class='ocr_line' id='line_1_6' title="bbox 198 651 1281 723; baseline -0.004 -14"><span class='ocrx_word' id='word_1_34' title='bbox 198 657 277 715; x_wconf 87' lang='lat' dir='ltr'><strong><em>cuius</em></strong></span> <span class='ocrx_word' id='word_1_35' title='bbox 296 674 384 709; x_wconf 89' lang='lat' dir='ltr'><strong><em>mores</em></strong></span> <span class='ocrx_word' id='word_1_36' title='bbox 401 651 595 707; x_wconf 82' lang='lat' dir='ltr'><strong><em>describuntur</em></strong></span> <span class='ocrx_word' id='word_1_37' title='bbox 610 653 676 721; x_wconf 83' lang='grc'>(65).</span> <span class='ocrx_word' id='word_1_38' title='bbox 711 652 936 717; x_wconf 81' lang='lat' dir='ltr'><strong><em>Didymotiehum</em></strong></span> <span class='ocrx_word' id='word_1_39' title='bbox 954 654 995 706; x_wconf 91' lang='lat' dir='ltr'><strong><em>ad</em></strong></span> <span class='ocrx_word' id='word_1_40' title='bbox 1008 654 1203 723; x_wconf 72' lang='lat' dir='ltr'><strong><em>Imperatorem</em></strong></span> <span class='ocrx_word' id='word_1_41' title='bbox 1219 671 1281 708; x_wconf 83' lang='lat' dir='ltr'><strong><em>cum</em></strong></span> 
     </span>
     <span class='ocr_line' id='line_1_7' title="bbox 197 721 1282 807; baseline -0.003 -28"><span class='ocrx_word' id='word_1_42' title='bbox 197 724 312 783; x_wconf 79' lang='lat' dir='ltr'><strong><em>Amurio</em></strong></span> <span class='ocrx_word' id='word_1_43' title='bbox 340 725 428 781; x_wconf 83' lang='lat' dir='ltr'><strong><em>venit.</em></strong></span> <span class='ocrx_word' id='word_1_44' title='bbox 471 722 609 776; x_wconf 76' lang='lat' dir='ltr'><strong><em>Thraciae</em></strong></span> <span class='ocrx_word' id='word_1_45' title='bbox 634 722 714 776; x_wconf 83' lang='lat' dir='ltr'><strong><em>urbes</em></strong></span> <span class='ocrx_word' id='word_1_46' title='bbox 744 721 928 789; x_wconf 74' lang='lat' dir='ltr'><strong><em>refractariae</em></strong></span> <span class='ocrx_word' id='word_1_47' title='bbox 953 727 1123 807; x_wconf 82' lang='lat' dir='ltr'><strong><em>puniuntur.</em></strong></span> <span class='ocrx_word' id='word_1_48' title='bbox 1167 726 1282 778; x_wconf 79' lang='lat' dir='ltr'><strong><em>uorsus</em></strong></span> 
     </span>
     <span class='ocr_line' id='line_1_8' title="bbox 198 790 1283 865; baseline -0.001 -18"><span class='ocrx_word' id='word_1_49' title='bbox 198 795 315 853; x_wconf 78' lang='lat' dir='ltr'><strong><em>Amarii.</em></strong></span> <span class='ocrx_word' id='word_1_50' title='bbox 351 792 524 847; x_wconf 77' lang='lat' dir='ltr'><strong><em>Praesidium</em></strong></span> <span class='ocrx_word' id='word_1_51' title='bbox 543 796 651 845; x_wconf 85' lang='lat' dir='ltr'><strong><em>missum</em></strong></span> <span class='ocrx_word' id='word_1_52' title='bbox 670 790 893 863; x_wconf 84' lang='lat' dir='ltr'><strong><em>Adrianopolin,</em></strong></span> <span class='ocrx_word' id='word_1_53' title='bbox 913 795 1044 865; x_wconf 75' lang='lat' dir='ltr'><strong><em>illiusque</em></strong></span> <span class='ocrx_word' id='word_1_54' title='bbox 1061 792 1283 863; x_wconf 77' lang='lat' dir='ltr'><strong><em>Didymotichum</em></strong></span> 
     </span>
     <span class='ocr_line' id='line_1_9' title="bbox 200 862 1282 938; baseline -0.004 -17"><span class='ocrx_word' id='word_1_55' title='bbox 200 866 302 938; x_wconf 70' lang='lat' dir='ltr'><strong><em>infidia</em></strong></span> <span class='ocrx_word' id='word_1_56' title='bbox 324 864 458 919; x_wconf 79' lang='lat' dir='ltr'><strong><em>excursio.</em></strong></span> <span class='ocrx_word' id='word_1_57' title='bbox 500 865 628 916; x_wconf 78' lang='lat' dir='ltr'><strong><em>Amurius</em></strong></span> <span class='ocrx_word' id='word_1_58' title='bbox 644 875 755 916; x_wconf 81' lang='lat' dir='ltr'><strong><em>mortem</em></strong></span> <span class='ocrx_word' id='word_1_59' title='bbox 769 865 801 915; x_wconf 86' lang='lat' dir='ltr'><strong><em>ise</em></strong></span> <span class='ocrx_word' id='word_1_60' title='bbox 818 865 951 932; x_wconf 81' lang='lat' dir='ltr'><strong><em>conflictu</em></strong></span> <span class='ocrx_word' id='word_1_61' title='bbox 975 862 1080 917; x_wconf 80' lang='lat' dir='ltr'><strong><em>euadit·</em></strong></span> <span class='ocrx_word' id='word_1_62' title='bbox 1122 863 1282 917; x_wconf 69' lang='lat' dir='ltr'><strong><em>Alexandro</em></strong></span> 
     </span>
     <span class='ocr_line' id='line_1_10' title="bbox 200 932 1283 1004; baseline -0.005 -11"><span class='ocrx_word' id='word_1_63' title='bbox 200 942 357 993; x_wconf 77' lang='lat' dir='ltr'><strong><em>Moesorum</em></strong></span> <span class='ocrx_word' id='word_1_64' title='bbox 374 937 444 1004; x_wconf 72' lang='lat' dir='ltr'><strong><em>regi,</em></strong></span> <span class='ocrx_word' id='word_1_65' title='bbox 464 951 516 1004; x_wconf 88' lang='lat' dir='ltr'><strong><em>pro</em></strong></span> <span class='ocrx_word' id='word_1_66' title='bbox 536 932 644 986; x_wconf 77' lang='lat' dir='ltr'><strong><em>cnsilio</em></strong></span> <span class='ocrx_word' id='word_1_67' title='bbox 662 932 986 987; x_wconf 75' lang='lat' dir='ltr'><strong><em>dantururiesnovem:</em></strong></span> <span class='ocrx_word' id='word_1_68' title='bbox 1004 936 1063 987; x_wconf 87' lang='lat' dir='ltr'><strong><em>eius</em></strong></span> <span class='ocrx_word' id='word_1_69' title='bbox 1073 933 1283 1003; x_wconf 70' lang='lat' dir='ltr'><strong><em>tergiversatio.</em></strong></span> 
     </span>
     <span class='ocr_line' id='line_1_11' title="bbox 203 1002 1284 1076; baseline -0.006 -16"><span class='ocrx_word' id='word_1_70' title='bbox 203 1012 265 1076; x_wconf 83' lang='lat' dir='ltr'><strong><em>Qua</em></strong></span> <span class='ocrx_word' id='word_1_71' title='bbox 283 1009 393 1059; x_wconf 86' lang='lat' dir='ltr'><strong><em>ratione</em></strong></span> <span class='ocrx_word' id='word_1_72' title='bbox 412 1004 555 1057; x_wconf 86' lang='lat' dir='ltr'><strong><em>coniurati</em></strong></span> <span class='ocrx_word' id='word_1_73' title='bbox 573 1004 704 1057; x_wconf 88' lang='lat' dir='ltr'><strong><em>Persase</em></strong></span> <span class='ocrx_word' id='word_1_74' title='bbox 726 1002 847 1056; x_wconf 78' lang='lat' dir='ltr'><strong><em>Thracia</em></strong></span> <span class='ocrx_word' id='word_1_75' title='bbox 872 1002 988 1058; x_wconf 87' lang='lat' dir='ltr'><strong><em>educere</em></strong></span> <span class='ocrx_word' id='word_1_76' title='bbox 1004 1006 1100 1058; x_wconf 88' lang='lat' dir='ltr'><strong><em>conati</em></strong></span> <span class='ocrx_word' id='word_1_77' title='bbox 1121 1005 1188 1056; x_wconf 85' lang='lat' dir='ltr'><strong><em>sint.</em></strong></span> <span class='ocrx_word' id='word_1_78' title='bbox 1223 1005 1284 1057; x_wconf 79' lang='lat' dir='ltr'><strong><em>Eos</em></strong></span> 
     </span>
     <span class='ocr_line' id='line_1_12' title="bbox 202 1070 1285 1156; baseline -0.004 -27"><span class='ocrx_word' id='word_1_79' title='bbox 202 1082 341 1130; x_wconf 86' lang='lat' dir='ltr'><strong><em>incassum</em></strong></span> <span class='ocrx_word' id='word_1_80' title='bbox 359 1076 461 1127; x_wconf 88' lang='lat' dir='ltr'><strong><em>nititur</em></strong></span> <span class='ocrx_word' id='word_1_81' title='bbox 478 1075 597 1127; x_wconf 88' lang='lat' dir='ltr'><strong><em>retinere</em></strong></span> <span class='ocrx_word' id='word_1_82' title='bbox 615 1074 761 1127; x_wconf 79' lang='lat' dir='ltr'><strong><em>Ameriae:</em></strong></span> <span class='ocrx_word' id='word_1_83' title='bbox 784 1070 817 1126; x_wconf 89' lang='lat' dir='ltr'><strong><em>de</em></strong></span> <span class='ocrx_word' id='word_1_84' title='bbox 835 1091 891 1156; x_wconf 72' lang='lat' dir='ltr'><strong><em>spuo</em></strong></span> <span class='ocrx_word' id='word_1_85' title='bbox 909 1071 986 1143; x_wconf 87' lang='lat' dir='ltr'><strong><em>apud</em></strong></span> <span class='ocrx_word' id='word_1_86' title='bbox 1001 1076 1197 1144; x_wconf 75' lang='lat' dir='ltr'><strong><em>Imperatorem</em></strong></span> <span class='ocrx_word' id='word_1_87' title='bbox 1215 1090 1285 1126; x_wconf 86' lang='lat' dir='ltr'><strong><em>con-</em></strong></span> 
     </span>
     <span class='ocr_line' id='line_1_13' title="bbox 203 1142 1286 1218; baseline -0.004 -19"><span class='ocrx_word' id='word_1_88' title='bbox 203 1148 349 1218; x_wconf 79' lang='lat' dir='ltr'><strong><em>queritur,</em></strong></span> <span class='ocrx_word' id='word_1_89' title='bbox 376 1142 549 1215; x_wconf 80' lang='lat' dir='ltr'><strong><em>reditumque</em></strong></span> <span class='ocrx_word' id='word_1_90' title='bbox 576 1161 611 1195; x_wconf 79' lang='lat' dir='ltr'><strong><em>ca</em></strong></span> <span class='ocrx_word' id='word_1_91' title='bbox 635 1144 703 1195; x_wconf 85' lang='lat' dir='ltr'><strong><em>Asia</em></strong></span> <span class='ocrx_word' id='word_1_92' title='bbox 728 1161 789 1196; x_wconf 92' lang='lat' dir='ltr'><strong><em>cum</em></strong></span> <span class='ocrx_word' id='word_1_93' title='bbox 811 1145 946 1196; x_wconf 78' lang='lat' dir='ltr'><strong><em>militibus</em></strong></span> <span class='ocrx_word' id='word_1_94' title='bbox 963 1145 1121 1197; x_wconf 81' lang='lat' dir='ltr'><strong><em>melioribus</em></strong></span> <span class='ocrx_word' id='word_1_95' title='bbox 1135 1144 1286 1214; x_wconf 86' lang='lat' dir='ltr'><strong><em>pollicetur</em></strong></span> 
     </span>
     <span class='ocr_line' id='line_1_14' title="bbox 202 1212 1286 1285; baseline -0.006 -15"><span class='ocrx_word' id='word_1_96' title='bbox 202 1221 269 1285; x_wconf 88' lang='grc'>(66).</span> <span class='ocrx_word' id='word_1_97' title='bbox 307 1217 378 1269; x_wconf 80' lang='lat' dir='ltr'><strong><em>Eum</em></strong></span> <span class='ocrx_word' id='word_1_98' title='bbox 395 1214 526 1266; x_wconf 88' lang='lat' dir='ltr'><strong><em>hortatur</em></strong></span> <span class='ocrx_word' id='word_1_99' title='bbox 549 1212 721 1282; x_wconf 83' lang='lat' dir='ltr'><strong><em>Imperator,</em></strong></span> <span class='ocrx_word' id='word_1_100' title='bbox 747 1213 914 1281; x_wconf 77' lang='lat' dir='ltr'><strong><em>legationem</em></strong></span> <span class='ocrx_word' id='word_1_101' title='bbox 925 1214 1090 1282; x_wconf 68' lang='lat' dir='ltr'><strong><em>Byzantium</em></strong></span> <span class='ocrx_word' id='word_1_102' title='bbox 1100 1217 1206 1275; x_wconf 87' lang='lat' dir='ltr'><strong><em>mittet,</em></strong></span> <span class='ocrx_word' id='word_1_103' title='bbox 1229 1230 1286 1285; x_wconf 82' lang='lat' dir='ltr'><strong><em>quo</em></strong></span> 
     </span>
     <span class='ocr_line' id='line_1_15' title="bbox 202 1280 1286 1354; baseline -0.004 -15"><span class='ocrx_word' id='word_1_104' title='bbox 202 1304 289 1340; x_wconf 88' lang='lat' dir='ltr'><strong><em>naues</em></strong></span> <span class='ocrx_word' id='word_1_105' title='bbox 307 1297 333 1337; x_wconf 90' lang='lat' dir='ltr'><strong><em>et</em></strong></span> <span class='ocrx_word' id='word_1_106' title='bbox 348 1286 496 1354; x_wconf 88' lang='lat' dir='ltr'><strong><em>pecuniam</em></strong></span> <span class='ocrx_word' id='word_1_107' title='bbox 514 1280 553 1334; x_wconf 90' lang='lat' dir='ltr'><strong><em>ad</em></strong></span> <span class='ocrx_word' id='word_1_108' title='bbox 574 1280 691 1336; x_wconf 89' lang='lat' dir='ltr'><strong><em>reditum</em></strong></span> <span class='ocrx_word' id='word_1_109' title='bbox 709 1280 891 1350; x_wconf 87' lang='lat' dir='ltr'><strong><em>adipiscetur.</em></strong></span> <span class='ocrx_word' id='word_1_110' title='bbox 927 1285 1069 1354; x_wconf 81' lang='lat' dir='ltr'><strong><em>Principes</em></strong></span> <span class='ocrx_word' id='word_1_111' title='bbox 1089 1285 1286 1337; x_wconf 84' lang='lat' dir='ltr'><strong><em>Constantino·</em></strong></span> 
     </span>
     <span class='ocr_line' id='line_1_16' title="bbox 200 1350 1288 1427; baseline -0.001 -20"><span class='ocrx_word' id='word_1_112' title='bbox 200 1358 264 1427; x_wconf 87' lang='lat' dir='ltr'><strong><em>poli</em></strong></span> <span class='ocrx_word' id='word_1_113' title='bbox 280 1355 420 1410; x_wconf 79' lang='lat' dir='ltr'><strong><em>Amurium</em></strong></span> <span class='ocrx_word' id='word_1_114' title='bbox 439 1350 472 1405; x_wconf 92' lang='lat' dir='ltr'><strong><em>de</em></strong></span> <span class='ocrx_word' id='word_1_115' title='bbox 490 1353 645 1405; x_wconf 84' lang='lat' dir='ltr'><strong><em>alieceinne</em></strong></span> <span class='ocrx_word' id='word_1_116' title='bbox 664 1351 883 1422; x_wconf 88' lang='lat' dir='ltr'><strong><em>reprehendunt,</em></strong></span> <span class='ocrx_word' id='word_1_117' title='bbox 901 1372 989 1406; x_wconf 86' lang='lat' dir='ltr'><strong><em>naues</em></strong></span> <span class='ocrx_word' id='word_1_118' title='bbox 1005 1372 1064 1406; x_wconf 90' lang='lat' dir='ltr'><strong><em>cum</em></strong></span> <span class='ocrx_word' id='word_1_119' title='bbox 1083 1356 1202 1423; x_wconf 88' lang='lat' dir='ltr'><strong><em>pecunia</em></strong></span> <span class='ocrx_word' id='word_1_120' title='bbox 1219 1371 1288 1423; x_wconf 89' lang='lat' dir='ltr'><strong><em>pro·</em></strong></span> 
     </span>
     <span class='ocr_line' id='line_1_17' title="bbox 203 1420 1288 1494; baseline -0.005 -15"><span class='ocrx_word' id='word_1_121' title='bbox 203 1428 324 1483; x_wconf 87' lang='lat' dir='ltr'><strong><em>mittunt.</em></strong></span> <span class='ocrx_word' id='word_1_122' title='bbox 360 1422 546 1494; x_wconf 80' lang='lat' dir='ltr'><strong><em>Defendisse.</em></strong></span> <span class='ocrx_word' id='word_1_123' title='bbox 583 1422 673 1474; x_wconf 86' lang='lat' dir='ltr'><strong><em>Locus</em></strong></span> <span class='ocrx_word' id='word_1_124' title='bbox 693 1421 727 1474; x_wconf 89' lang='lat' dir='ltr'><strong><em>de</em></strong></span> <span class='ocrx_word' id='word_1_125' title='bbox 747 1420 915 1476; x_wconf 78' lang='lat' dir='ltr'><strong><em>discrimine</em></strong></span> <span class='ocrx_word' id='word_1_126' title='bbox 932 1426 1076 1486; x_wconf 60' lang='lat' dir='ltr'><strong><em>eruissetis</em></strong></span> <span class='ocrx_word' id='word_1_127' title='bbox 1091 1428 1161 1494; x_wconf 76' lang='lat'><strong>(67)·</strong></span> <span class='ocrx_word' id='word_1_128' title='bbox 1196 1425 1288 1491; x_wconf 83' lang='lat' dir='ltr'><strong><em>Inpe-</em></strong></span> 
     </span>
     <span class='ocr_line' id='line_1_18' title="bbox 203 1488 1289 1564; baseline -0.003 -17"><span class='ocrx_word' id='word_1_129' title='bbox 203 1509 284 1555; x_wconf 88' lang='lat' dir='ltr'><strong><em>rator</em></strong></span> <span class='ocrx_word' id='word_1_130' title='bbox 308 1492 448 1546; x_wconf 85' lang='lat' dir='ltr'><strong><em>divinitus</em></strong></span> <span class='ocrx_word' id='word_1_131' title='bbox 471 1510 489 1543; x_wconf 93' lang='lat' dir='ltr'><strong><em>a</em></strong></span> <span class='ocrx_word' id='word_1_132' title='bbox 508 1488 598 1545; x_wconf 72' lang='lat' dir='ltr'><strong><em>Persis</em></strong></span> <span class='ocrx_word' id='word_1_133' title='bbox 619 1490 807 1563; x_wconf 81' lang='lat' dir='ltr'><strong><em>praedonibus</em></strong></span> <span class='ocrx_word' id='word_1_134' title='bbox 830 1493 974 1548; x_wconf 78' lang='lat' dir='ltr'><strong><em>liberatur.</em></strong></span> <span class='ocrx_word' id='word_1_135' title='bbox 1018 1496 1088 1547; x_wconf 80' lang='lat' dir='ltr'><strong><em>Eius</em></strong></span> <span class='ocrx_word' id='word_1_136' title='bbox 1108 1512 1202 1564; x_wconf 74' lang='lat' dir='ltr'><strong><em>pugna</em></strong></span> <span class='ocrx_word' id='word_1_137' title='bbox 1227 1510 1289 1545; x_wconf 90' lang='lat' dir='ltr'><strong><em>cum</em></strong></span> 
     </span>
     <span class='ocr_line' id='line_1_19' title="bbox 203 1563 1289 1637; baseline -0.006 -17"><span class='ocrx_word' id='word_1_138' title='bbox 203 1565 389 1620; x_wconf 75' lang='lat' dir='ltr'><strong><em>obsessoribus</em></strong></span> <span class='ocrx_word' id='word_1_139' title='bbox 407 1563 529 1614; x_wconf 76' lang='lat' dir='ltr'><strong><em>Aromati</em></strong></span> <span class='ocrx_word' id='word_1_140' title='bbox 553 1574 580 1614; x_wconf 87' lang='lat' dir='ltr'><strong><em>et</em></strong></span> <span class='ocrx_word' id='word_1_141' title='bbox 605 1563 741 1614; x_wconf 83' lang='lat' dir='ltr'><strong><em>victoria.</em></strong></span> <span class='ocrx_word' id='word_1_142' title='bbox 787 1565 929 1617; x_wconf 87' lang='lat' dir='ltr'><strong><em>Discessus</em></strong></span> <span class='ocrx_word' id='word_1_143' title='bbox 952 1566 1077 1616; x_wconf 80' lang='lat' dir='ltr'><strong><em>Amurii:</em></strong></span> <span class='ocrx_word' id='word_1_144' title='bbox 1104 1576 1131 1617; x_wconf 90' lang='lat' dir='ltr'><strong><em>et</em></strong></span> <span class='ocrx_word' id='word_1_145' title='bbox 1157 1564 1289 1637; x_wconf 79' lang='lat' dir='ltr'><strong><em>quartis</em></strong></span> 
     </span>
     <span class='ocr_line' id='line_1_20' title="bbox 205 1628 1290 1702; baseline -0.006 -13"><span class='ocrx_word' id='word_1_146' title='bbox 205 1634 339 1689; x_wconf 82' lang='lat' dir='ltr'><strong><em>discessus</em></strong></span> <span class='ocrx_word' id='word_1_147' title='bbox 359 1632 526 1701; x_wconf 89' lang='lat' dir='ltr'><strong><em>Imperatori</em></strong></span> <span class='ocrx_word' id='word_1_148' title='bbox 535 1628 758 1689; x_wconf 83' lang='lat' dir='ltr'><strong><em>commodaverit.</em></strong></span> <span class='ocrx_word' id='word_1_149' title='bbox 795 1634 1005 1702; x_wconf 84' lang='lat' dir='ltr'><strong><em>Gratianopolis</em></strong></span> <span class='ocrx_word' id='word_1_150' title='bbox 1020 1632 1135 1687; x_wconf 69' lang='lat' dir='ltr'><strong><em>obsidio.</em></strong></span> <span class='ocrx_word' id='word_1_151' title='bbox 1171 1634 1290 1700; x_wconf 77' lang='lat' dir='ltr'><strong><em>Smyrna</em></strong></span> 
     </span>
     <span class='ocr_line' id='line_1_21' title="bbox 205 1701 1307 1773; baseline -0.005 -14"><span class='ocrx_word' id='word_1_152' title='bbox 205 1725 225 1759; x_wconf 94' lang='lat' dir='ltr'><strong><em>a</em></strong></span> <span class='ocrx_word' id='word_1_153' title='bbox 245 1704 360 1758; x_wconf 86' lang='lat' dir='ltr'><strong><em>Latinis</em></strong></span> <span class='ocrx_word' id='word_1_154' title='bbox 379 1714 460 1771; x_wconf 90' lang='lat' dir='ltr'><strong><em>capta</em></strong></span> <span class='ocrx_word' id='word_1_155' title='bbox 480 1702 537 1770; x_wconf 84' lang='grc'>(68)</span> <span class='ocrx_word' id='word_1_156' title='bbox 582 1702 621 1752; x_wconf 74' lang='lat' dir='ltr'><strong><em>Ab</em></strong></span> <span class='ocrx_word' id='word_1_157' title='bbox 640 1704 700 1754; x_wconf 90' lang='lat' dir='ltr'><strong><em>eius</em></strong></span> <span class='ocrx_word' id='word_1_158' title='bbox 715 1701 857 1773; x_wconf 87' lang='lat' dir='ltr'><strong><em>praesecto</em></strong></span> <span class='ocrx_word' id='word_1_159' title='bbox 875 1703 1017 1773; x_wconf 74' lang='lat' dir='ltr'><strong><em>Angelitee</em></strong></span> <span class='ocrx_word' id='word_1_160' title='bbox 1036 1722 1094 1756; x_wconf 91' lang='lat' dir='ltr'><strong><em>non</em></strong></span> <span class='ocrx_word' id='word_1_161' title='bbox 1112 1702 1221 1755; x_wconf 88' lang='lat' dir='ltr'><strong><em>modica</em></strong></span> <span class='ocrx_word' id='word_1_162' title='bbox 1242 1719 1307 1770; x_wconf 59' lang='lat' dir='ltr'><strong><em>pem</em></strong></span> 
     </span>
     <span class='ocr_line' id='line_1_22' title="bbox 207 1769 1292 1841; baseline -0.002 -14"><span class='ocrx_word' id='word_1_163' title='bbox 207 1777 303 1828; x_wconf 87' lang='lat' dir='ltr'><strong><em>cunia.</em></strong></span> <span class='ocrx_word' id='word_1_164' title='bbox 337 1771 471 1841; x_wconf 82' lang='lat' dir='ltr'><strong><em>Episcopi</em></strong></span> <span class='ocrx_word' id='word_1_165' title='bbox 499 1769 747 1836; x_wconf 81' lang='lat' dir='ltr'><strong><em>Didymotichensis</em></strong></span> <span class='ocrx_word' id='word_1_166' title='bbox 770 1772 869 1827; x_wconf 79' lang='lat' dir='ltr'><strong><em>obitus.</em></strong></span> <span class='ocrx_word' id='word_1_167' title='bbox 899 1771 1059 1827; x_wconf 69' lang='lat' dir='ltr'><strong><em>Aeeandri</em></strong></span> <span class='ocrx_word' id='word_1_168' title='bbox 1074 1792 1093 1826; x_wconf 90' lang='lat' dir='ltr'><strong><em>a</em></strong></span> <span class='ocrx_word' id='word_1_169' title='bbox 1110 1772 1229 1826; x_wconf 74' lang='lat' dir='ltr'><strong><em>Momha</em></strong></span> <span class='ocrx_word' id='word_1_170' title='bbox 1245 1789 1292 1825; x_wconf 90' lang='lat' dir='ltr'><strong><em>re·</em></strong></span> 
     </span>
     <span class='ocr_line' id='line_1_23' title="bbox 207 1841 1292 1923; baseline -0.001 -29"><span class='ocrx_word' id='word_1_171' title='bbox 207 1861 296 1899; x_wconf 86' lang='lat' dir='ltr'><strong><em>cessus</em></strong></span> <span class='ocrx_word' id='word_1_172' title='bbox 312 1842 379 1911; x_wconf 81' lang='lat'>(69).</span> <span class='ocrx_word' id='word_1_173' title='bbox 416 1842 585 1893; x_wconf 80' lang='lat' dir='ltr'><strong><em>Momitsilus</em></strong></span> <span class='ocrx_word' id='word_1_174' title='bbox 610 1841 739 1896; x_wconf 86' lang='lat' dir='ltr'><strong><em>Persicae</em></strong></span> <span class='ocrx_word' id='word_1_175' title='bbox 755 1859 843 1896; x_wconf 87' lang='lat' dir='ltr'><strong><em>naues</em></strong></span> <span class='ocrx_word' id='word_1_176' title='bbox 862 1854 918 1895; x_wconf 90' lang='lat' dir='ltr'><strong><em>tres</em></strong></span> <span class='ocrx_word' id='word_1_177' title='bbox 935 1841 1069 1897; x_wconf 84' lang='lat' dir='ltr'><strong><em>incendit.</em></strong></span> <span class='ocrx_word' id='word_1_178' title='bbox 1106 1844 1218 1901; x_wconf 81' lang='lat' dir='ltr'><strong><em>Persae,</em></strong></span> <span class='ocrx_word' id='word_1_179' title='bbox 1241 1843 1292 1923; x_wconf 71' lang='lat' dir='ltr'><strong><em>qui</em></strong></span> 
     </span>
     <span class='ocr_line' id='line_1_24' title="bbox 207 1909 1293 1984; baseline -0.003 -18"><span class='ocrx_word' id='word_1_180' title='bbox 207 1912 283 1984; x_wconf 82' lang='lat' dir='ltr'><strong><em>apud</em></strong></span> <span class='ocrx_word' id='word_1_181' title='bbox 304 1914 541 1970; x_wconf 82' lang='lat' dir='ltr'><strong><em>Cantacuseuum,</em></strong></span> <span class='ocrx_word' id='word_1_182' title='bbox 570 1909 696 1965; x_wconf 84' lang='lat' dir='ltr'><strong><em>custodes</em></strong></span> <span class='ocrx_word' id='word_1_183' title='bbox 725 1930 838 1964; x_wconf 90' lang='lat' dir='ltr'><strong><em>suarum</em></strong></span> <span class='ocrx_word' id='word_1_184' title='bbox 864 1914 980 1966; x_wconf 80' lang='lat' dir='ltr'><strong><em>nauium</em></strong></span> <span class='ocrx_word' id='word_1_185' title='bbox 998 1913 1160 1984; x_wconf 76' lang='lat' dir='ltr'><strong><em>interfectos</em></strong></span> <span class='ocrx_word' id='word_1_186' title='bbox 1192 1912 1293 1965; x_wconf 78' lang='lat' dir='ltr'><strong><em>ulcisci</em></strong></span> 
     </span>
     <span class='ocr_line' id='line_1_25' title="bbox 208 1981 1295 2053; baseline -0.002 -16"><span class='ocrx_word' id='word_1_187' title='bbox 208 1981 320 2039; x_wconf 87' lang='lat' dir='ltr'><strong><em>ardent.</em></strong></span> <span class='ocrx_word' id='word_1_188' title='bbox 354 1982 405 2034; x_wconf 77' lang='lat' dir='ltr'><strong><em>Eis</em></strong></span> <span class='ocrx_word' id='word_1_189' title='bbox 424 1982 576 2049; x_wconf 79' lang='lat' dir='ltr'><strong><em>imperator</em></strong></span> <span class='ocrx_word' id='word_1_190' title='bbox 587 1982 723 2033; x_wconf 77' lang='lat' dir='ltr'><strong><em>Romanos</em></strong></span> <span class='ocrx_word' id='word_1_191' title='bbox 735 1981 882 2053; x_wconf 72' lang='lat' dir='ltr'><strong><em>adiungit;</em></strong></span> <span class='ocrx_word' id='word_1_192' title='bbox 901 1986 961 2036; x_wconf 90' lang='lat' dir='ltr'><strong><em>eius</em></strong></span> <span class='ocrx_word' id='word_1_193' title='bbox 975 1985 1164 2053; x_wconf 76' lang='lat' dir='ltr'><strong><em>regiunculam</em></strong></span> <span class='ocrx_word' id='word_1_194' title='bbox 1179 1982 1295 2052; x_wconf 87' lang='lat' dir='ltr'><strong><em>deprae-</em></strong></span> 
     </span>
     <span class='ocr_line' id='line_1_26' title="bbox 207 2050 1295 2122; baseline -0.005 -16"><span class='ocrx_word' id='word_1_195' title='bbox 207 2050 274 2107; x_wconf 86' lang='lat' dir='ltr'><strong><em>dari</em></strong></span> <span class='ocrx_word' id='word_1_196' title='bbox 294 2051 376 2104; x_wconf 83' lang='lat' dir='ltr'><strong><em>iubet.</em></strong></span> <span class='ocrx_word' id='word_1_197' title='bbox 414 2052 582 2103; x_wconf 77' lang='lat' dir='ltr'><strong><em>Momitzilue</em></strong></span> <span class='ocrx_word' id='word_1_198' title='bbox 602 2053 753 2120; x_wconf 87' lang='lat' dir='ltr'><strong><em>improuiso</em></strong></span> <span class='ocrx_word' id='word_1_199' title='bbox 774 2051 897 2104; x_wconf 85' lang='lat' dir='ltr'><strong><em>adverstu</em></strong></span> <span class='ocrx_word' id='word_1_200' title='bbox 915 2054 1109 2122; x_wconf 81' lang='lat' dir='ltr'><strong><em>Imperatorem</em></strong></span> <span class='ocrx_word' id='word_1_201' title='bbox 1123 2066 1225 2106; x_wconf 83' lang='lat' dir='ltr'><strong><em>terret:</em></strong></span> <span class='ocrx_word' id='word_1_202' title='bbox 1244 2067 1295 2102; x_wconf 88' lang='lat' dir='ltr'><strong><em>cu·</em></strong></span> 
     </span>
     <span class='ocr_line' id='line_1_27' title="bbox 207 2118 1295 2191; baseline -0.004 -15"><span class='ocrx_word' id='word_1_203' title='bbox 207 2125 252 2183; x_wconf 85' lang='lat' dir='ltr'><strong><em>ius</em></strong></span> <span class='ocrx_word' id='word_1_204' title='bbox 266 2122 367 2174; x_wconf 81' lang='lat' dir='ltr'><strong><em>milites</em></strong></span> <span class='ocrx_word' id='word_1_205' title='bbox 377 2118 515 2191; x_wconf 72' lang='lat' dir='ltr'><strong><em>fugiunt:</em></strong></span> <span class='ocrx_word' id='word_1_206' title='bbox 533 2122 590 2190; x_wconf 85' lang='lat' dir='ltr'><strong><em>ipse</em></strong></span> <span class='ocrx_word' id='word_1_207' title='bbox 609 2137 668 2173; x_wconf 85' lang='lat' dir='ltr'><strong><em>cum</em></strong></span> <span class='ocrx_word' id='word_1_208' title='bbox 687 2122 786 2189; x_wconf 90' lang='lat' dir='ltr'><strong><em>paucis</em></strong></span> <span class='ocrx_word' id='word_1_209' title='bbox 802 2136 912 2174; x_wconf 87' lang='lat' dir='ltr'><strong><em>strenue</em></strong></span> <span class='ocrx_word' id='word_1_210' title='bbox 932 2141 959 2175; x_wconf 87' lang='lat' dir='ltr'><strong><em>se</em></strong></span> <span class='ocrx_word' id='word_1_211' title='bbox 977 2135 1079 2177; x_wconf 81' lang='lat' dir='ltr'><strong><em>tuetur.</em></strong></span> <span class='ocrx_word' id='word_1_212' title='bbox 1113 2119 1295 2177; x_wconf 78' lang='lat' dir='ltr'><strong><em>Iantearethi</em></strong></span> 
     </span>
     <span class='ocr_line' id='line_1_28' title="bbox 122 2187 1296 2266; baseline 0 -23"><span class='ocrx_word' id='word_1_213' title='bbox 122 2242 135 2263; x_wconf 31' lang='lat' dir='ltr'>k</span> <span class='ocrx_word' id='word_1_214' title='bbox 200 2192 309 2266; x_wconf 87' lang='lat' dir='ltr'><strong><em>samuli</em></strong></span> <span class='ocrx_word' id='word_1_215' title='bbox 326 2192 357 2242; x_wconf 91' lang='lat' dir='ltr'><strong><em>in</em></strong></span> <span class='ocrx_word' id='word_1_216' title='bbox 380 2187 517 2244; x_wconf 85' lang='lat' dir='ltr'><strong><em>dominum</em></strong></span> <span class='ocrx_word' id='word_1_217' title='bbox 545 2193 631 2242; x_wconf 91' lang='lat' dir='ltr'><strong><em>mirus</em></strong></span> <span class='ocrx_word' id='word_1_218' title='bbox 648 2208 728 2243; x_wconf 91' lang='lat' dir='ltr'><strong><em>amor</em></strong></span> <span class='ocrx_word' id='word_1_219' title='bbox 746 2203 773 2244; x_wconf 91' lang='lat' dir='ltr'><strong><em>et</em></strong></span> <span class='ocrx_word' id='word_1_220' title='bbox 789 2189 874 2262; x_wconf 80' lang='lat' dir='ltr'><strong><em>fides.</em></strong></span> <span class='ocrx_word' id='word_1_221' title='bbox 911 2195 1081 2246; x_wconf 81' lang='lat' dir='ltr'><strong><em>hlomiteilus</em></strong></span> <span class='ocrx_word' id='word_1_222' title='bbox 1100 2193 1226 2245; x_wconf 81' lang='lat' dir='ltr'><strong><em>ebAnna</em></strong></span> <span class='ocrx_word' id='word_1_223' title='bbox 1245 2192 1296 2242; x_wconf 88' lang='lat' dir='ltr'><strong><em>im·</em></strong></span> 
     </span>
     <span class='ocr_line' id='line_1_29' title="bbox 207 2258 1296 2335; baseline -0.002 -22"><span class='ocrx_word' id='word_1_224' title='bbox 207 2262 349 2335; x_wconf 89' lang='lat' dir='ltr'><strong><em>peratrice</em></strong></span> <span class='ocrx_word' id='word_1_225' title='bbox 362 2258 475 2328; x_wconf 86' lang='lat' dir='ltr'><strong><em>despota</em></strong></span> <span class='ocrx_word' id='word_1_226' title='bbox 493 2261 690 2326; x_wconf 87' lang='lat' dir='ltr'><strong><em>renuntiatur,·</em></strong></span> <span class='ocrx_word' id='word_1_227' title='bbox 711 2278 790 2332; x_wconf 76' lang='lat' dir='ltr'><strong><em>quem</em></strong></span> <span class='ocrx_word' id='word_1_228' title='bbox 806 2261 1015 2316; x_wconf 85' lang='lat' dir='ltr'><strong><em>Cantaeueenus</em></strong></span> <span class='ocrx_word' id='word_1_229' title='bbox 1031 2265 1142 2332; x_wconf 89' lang='lat' dir='ltr'><strong><em>insuper</em></strong></span> <span class='ocrx_word' id='word_1_230' title='bbox 1150 2261 1217 2314; x_wconf 88' lang='lat' dir='ltr'><strong><em>data</em></strong></span> <span class='ocrx_word' id='word_1_231' title='bbox 1230 2277 1296 2329; x_wconf 87' lang='lat' dir='ltr'><strong><em>sup·</em></strong></span> 
     </span>
     <span class='ocr_line' id='line_1_30' title="bbox 206 2329 1296 2404; baseline 0.003 -21"><span class='ocrx_word' id='word_1_232' title='bbox 206 2333 278 2404; x_wconf 88' lang='lat' dir='ltr'><strong><em>plici</em></strong></span> <span class='ocrx_word' id='word_1_233' title='bbox 302 2330 389 2385; x_wconf 83' lang='lat' dir='ltr'><strong><em>uenia</em></strong></span> <span class='ocrx_word' id='word_1_234' title='bbox 414 2330 665 2384; x_wconf 79' lang='lat' dir='ltr'><strong><em>Sebastocratorem</em></strong></span> <span class='ocrx_word' id='word_1_235' title='bbox 689 2344 773 2386; x_wconf 79' lang='lat' dir='ltr'><strong><em>creat</em></strong></span> <span class='ocrx_word' id='word_1_236' title='bbox 809 2333 909 2386; x_wconf 86' lang='lat' dir='ltr'><strong><em>Persae</em></strong></span> <span class='ocrx_word' id='word_1_237' title='bbox 926 2333 959 2384; x_wconf 90' lang='lat' dir='ltr'><strong><em>in</em></strong></span> <span class='ocrx_word' id='word_1_238' title='bbox 976 2334 1068 2386; x_wconf 82' lang='lat' dir='ltr'><strong><em>Asiam</em></strong></span> <span class='ocrx_word' id='word_1_239' title='bbox 1087 2332 1202 2386; x_wconf 88' lang='lat' dir='ltr'><strong><em>redeunt</em></strong></span> <span class='ocrx_word' id='word_1_240' title='bbox 1229 2329 1296 2399; x_wconf 76' lang='lat'><strong>(70)-</strong></span> 
     </span>
     <span class='ocr_line' id='line_1_31' title="bbox 209 2400 1295 2472; baseline -0.002 -18"><span class='ocrx_word' id='word_1_241' title='bbox 209 2403 395 2468; x_wconf 75' lang='lat' dir='ltr'><strong><em>Palaeologus</em></strong></span> <span class='ocrx_word' id='word_1_242' title='bbox 409 2400 560 2472; x_wconf 82' lang='lat' dir='ltr'><strong><em>Imperator</em></strong></span> <span class='ocrx_word' id='word_1_243' title='bbox 577 2413 715 2468; x_wconf 75' lang='lat' dir='ltr'><strong><em>aegrotat.</em></strong></span> <span class='ocrx_word' id='word_1_244' title='bbox 752 2403 874 2463; x_wconf 80' lang='lat' dir='ltr'><strong><em>Moesus,</em></strong></span> <span class='ocrx_word' id='word_1_245' title='bbox 892 2416 972 2469; x_wconf 86' lang='lat' dir='ltr'><strong><em>rupto</em></strong></span> <span class='ocrx_word' id='word_1_246' title='bbox 982 2401 1111 2471; x_wconf 81' lang='lat' dir='ltr'><strong><em>foedere,</em></strong></span> <span class='ocrx_word' id='word_1_247' title='bbox 1130 2400 1295 2470; x_wconf 83' lang='lat' dir='ltr'><strong><em>Apoeaueho</em></strong></span> 
     </span>
     <span class='ocr_line' id='line_1_32' title="bbox 210 2467 1298 2541; baseline -0.002 -18"><span class='ocrx_word' id='word_1_248' title='bbox 210 2473 296 2524; x_wconf 86' lang='lat' dir='ltr'><strong><em>mittit</em></strong></span> <span class='ocrx_word' id='word_1_249' title='bbox 321 2470 440 2527; x_wconf 75' lang='lat' dir='ltr'><strong><em>auxilia.</em></strong></span> <span class='ocrx_word' id='word_1_250' title='bbox 478 2467 616 2522; x_wconf 86' lang='lat' dir='ltr'><strong><em>Callidum</em></strong></span> <span class='ocrx_word' id='word_1_251' title='bbox 636 2471 817 2539; x_wconf 88' lang='lat' dir='ltr'><strong><em>Imperatoris</em></strong></span> <span class='ocrx_word' id='word_1_252' title='bbox 835 2472 991 2524; x_wconf 76' lang='lat' dir='ltr'><strong><em>consilium·</em></strong></span> <span class='ocrx_word' id='word_1_253' title='bbox 1030 2475 1121 2525; x_wconf 83' lang='lat' dir='ltr'><strong><em>Gener</em></strong></span> <span class='ocrx_word' id='word_1_254' title='bbox 1137 2468 1298 2541; x_wconf 73' lang='lat' dir='ltr'><strong><em>Apoeauelsi</em></strong></span> 
     </span>
     <span class='ocr_line' id='line_1_33' title="bbox 211 2537 1297 2609; baseline -0.004 -14"><span class='ocrx_word' id='word_1_255' title='bbox 211 2543 242 2595; x_wconf 89' lang='lat' dir='ltr'><strong><em>in</em></strong></span> <span class='ocrx_word' id='word_1_256' title='bbox 261 2540 351 2592; x_wconf 83' lang='lat' dir='ltr'><strong><em>Hebro</em></strong></span> <span class='ocrx_word' id='word_1_257' title='bbox 366 2557 536 2593; x_wconf 84' lang='lat' dir='ltr'><strong><em>summersus.</em></strong></span> <span class='ocrx_word' id='word_1_258' title='bbox 558 2537 759 2606; x_wconf 81' lang='lat' dir='ltr'><strong><em>Didymoticho</em></strong></span> <span class='ocrx_word' id='word_1_259' title='bbox 772 2541 935 2609; x_wconf 85' lang='lat' dir='ltr'><strong><em>repellitur:</em></strong></span> <span class='ocrx_word' id='word_1_260' title='bbox 956 2541 1099 2594; x_wconf 79' lang='lat' dir='ltr'><strong><em>Morrham</em></strong></span> <span class='ocrx_word' id='word_1_261' title='bbox 1113 2554 1212 2595; x_wconf 81' lang='lat' dir='ltr'><strong><em>uenat.</em></strong></span> <span class='ocrx_word' id='word_1_262' title='bbox 1232 2542 1297 2593; x_wconf 82' lang='lat' dir='ltr'><strong><em>sto-</em></strong></span> 
     </span>
     <span class='ocr_line' id='line_1_34' title="bbox 210 2607 1298 2681; baseline -0.006 -17"><span class='ocrx_word' id='word_1_263' title='bbox 210 2611 332 2664; x_wconf 79' lang='lat' dir='ltr'><strong><em>mitcilue</em></strong></span> <span class='ocrx_word' id='word_1_264' title='bbox 350 2608 404 2660; x_wconf 81' lang='lat' dir='ltr'><strong><em>sihi</em></strong></span> <span class='ocrx_word' id='word_1_265' title='bbox 419 2611 606 2677; x_wconf 81' lang='lat' dir='ltr'><strong><em>principatum</em></strong></span> <span class='ocrx_word' id='word_1_266' title='bbox 621 2612 765 2681; x_wconf 88' lang='lat' dir='ltr'><strong><em>proprium</em></strong></span> <span class='ocrx_word' id='word_1_267' title='bbox 783 2607 938 2672; x_wconf 82' lang='lat' dir='ltr'><strong><em>meditans,</em></strong></span> <span class='ocrx_word' id='word_1_268' title='bbox 957 2630 975 2663; x_wconf 91' lang='lat' dir='ltr'><strong><em>a</em></strong></span> <span class='ocrx_word' id='word_1_269' title='bbox 990 2612 1184 2664; x_wconf 78' lang='lat' dir='ltr'><strong><em>Cantacuzeno</em></strong></span> <span class='ocrx_word' id='word_1_270' title='bbox 1205 2622 1231 2663; x_wconf 89' lang='lat' dir='ltr'><strong><em>et</em></strong></span> <span class='ocrx_word' id='word_1_271' title='bbox 1247 2610 1298 2659; x_wconf 88' lang='lat' dir='ltr'><strong><em>im-</em></strong></span> 
     </span>
     <span class='ocr_line' id='line_1_35' title="bbox 209 2677 1300 2751; baseline -0.003 -19"><span class='ocrx_word' id='word_1_272' title='bbox 209 2680 350 2750; x_wconf 87' lang='lat' dir='ltr'><strong><em>peratrice</em></strong></span> <span class='ocrx_word' id='word_1_273' title='bbox 367 2681 449 2729; x_wconf 81' lang='lat' dir='ltr'><strong><em>Anna</em></strong></span> <span class='ocrx_word' id='word_1_274' title='bbox 468 2677 562 2749; x_wconf 80' lang='lat' dir='ltr'><strong><em>deficit</em></strong></span> <span class='ocrx_word' id='word_1_275' title='bbox 581 2679 652 2749; x_wconf 75' lang='grc'>(71)</span> <span class='ocrx_word' id='word_1_276' title='bbox 688 2678 842 2732; x_wconf 78' lang='lat' dir='ltr'><strong><em>Archontes</em></strong></span> <span class='ocrx_word' id='word_1_277' title='bbox 868 2681 929 2732; x_wconf 85' lang='lat' dir='ltr'><strong><em>sive</em></strong></span> <span class='ocrx_word' id='word_1_278' title='bbox 948 2682 1059 2751; x_wconf 88' lang='lat' dir='ltr'><strong><em>imperii</em></strong></span> <span class='ocrx_word' id='word_1_279' title='bbox 1075 2700 1127 2751; x_wconf 84' lang='lat' dir='ltr'><strong><em>pro</em></strong></span> <span class='ocrx_word' id='word_1_280' title='bbox 1143 2698 1230 2750; x_wconf 86' lang='lat' dir='ltr'><strong><em>puero</em></strong></span> <span class='ocrx_word' id='word_1_281' title='bbox 1245 2681 1300 2732; x_wconf 88' lang='lat' dir='ltr'><strong><em>Im·</em></strong></span> 
     </span>
     <span class='ocr_line' id='line_1_36' title="bbox 209 2745 1300 2821; baseline 0.001 -21"><span class='ocrx_word' id='word_1_282' title='bbox 209 2761 337 2818; x_wconf 87' lang='lat' dir='ltr'><strong><em>peratore</em></strong></span> <span class='ocrx_word' id='word_1_283' title='bbox 362 2760 389 2800; x_wconf 91' lang='lat' dir='ltr'><strong><em>et</em></strong></span> <span class='ocrx_word' id='word_1_284' title='bbox 409 2746 494 2799; x_wconf 87' lang='lat' dir='ltr'><strong><em>vidua</em></strong></span> <span class='ocrx_word' id='word_1_285' title='bbox 516 2745 756 2802; x_wconf 84' lang='lat' dir='ltr'><strong><em>administratores</em></strong></span> <span class='ocrx_word' id='word_1_286' title='bbox 783 2752 907 2803; x_wconf 88' lang='lat' dir='ltr'><strong><em>miserum</em></strong></span> <span class='ocrx_word' id='word_1_287' title='bbox 925 2753 968 2802; x_wconf 90' lang='lat' dir='ltr'><strong><em>rei</em></strong></span> <span class='ocrx_word' id='word_1_288' title='bbox 982 2751 1112 2821; x_wconf 81' lang='lat' dir='ltr'><strong><em>publicae</em></strong></span> <span class='ocrx_word' id='word_1_289' title='bbox 1131 2763 1231 2802; x_wconf 87' lang='lat' dir='ltr'><strong><em>statum</em></strong></span> <span class='ocrx_word' id='word_1_290' title='bbox 1249 2748 1300 2801; x_wconf 89' lang='lat' dir='ltr'><strong><em>do·</em></strong></span> 
     </span>
     <span class='ocr_line' id='line_1_37' title="bbox 214 2817 1299 2890; baseline 0.002 -22"><span class='ocrx_word' id='word_1_291' title='bbox 214 2819 291 2870; x_wconf 79' lang='lat' dir='ltr'><strong><em>lent:</em></strong></span> <span class='ocrx_word' id='word_1_292' title='bbox 320 2817 492 2887; x_wconf 82' lang='lat' dir='ltr'><strong><em>imperatrici</em></strong></span> <span class='ocrx_word' id='word_1_293' title='bbox 514 2836 608 2886; x_wconf 88' lang='lat' dir='ltr'><strong><em>pacem</em></strong></span> <span class='ocrx_word' id='word_1_294' title='bbox 626 2819 765 2890; x_wconf 35' lang='lat' dir='ltr'><strong><em>suadent..</em></strong></span> <span class='ocrx_word' id='word_1_295' title='bbox 788 2821 902 2872; x_wconf 82' lang='lat' dir='ltr'><strong><em>Moleste</em></strong></span> <span class='ocrx_word' id='word_1_296' title='bbox 911 2820 975 2890; x_wconf 77' lang='lat' dir='ltr'><strong><em>sert</em></strong></span> <span class='ocrx_word' id='word_1_297' title='bbox 995 2820 1189 2889; x_wconf 84' lang='lat' dir='ltr'><strong><em>Apocauchus,</em></strong></span> <span class='ocrx_word' id='word_1_298' title='bbox 1206 2822 1299 2890; x_wconf 85' lang='lat' dir='ltr'><strong><em>patri-</em></strong></span> 
     </span>
     <span class='ocr_line' id='line_1_38' title="bbox 213 2886 1300 2959; baseline 0.001 -19"><span class='ocrx_word' id='word_1_299' title='bbox 213 2886 381 2957; x_wconf 82' lang='lat' dir='ltr'><strong><em>archamque</em></strong></span> <span class='ocrx_word' id='word_1_300' title='bbox 399 2900 427 2940; x_wconf 92' lang='lat' dir='ltr'><strong><em>et</em></strong></span> <span class='ocrx_word' id='word_1_301' title='bbox 440 2886 584 2950; x_wconf 82' lang='lat' dir='ltr'><strong><em>Gabalum,</em></strong></span> <span class='ocrx_word' id='word_1_302' title='bbox 602 2906 728 2958; x_wconf 75' lang='lat' dir='ltr'><strong><em>magnum</em></strong></span> <span class='ocrx_word' id='word_1_303' title='bbox 742 2889 918 2959; x_wconf 73' lang='lat' dir='ltr'><strong><em>logothetam,</em></strong></span> <span class='ocrx_word' id='word_1_304' title='bbox 934 2908 962 2943; x_wconf 89' lang='lat' dir='ltr'><strong><em>se</em></strong></span> <span class='ocrx_word' id='word_1_305' title='bbox 980 2895 1101 2944; x_wconf 83' lang='lat' dir='ltr'><strong><em>visentes</em></strong></span> <span class='ocrx_word' id='word_1_306' title='bbox 1109 2889 1148 2956; x_wconf 76' lang='lat' dir='ltr'><strong><em>ad</em></strong></span> <span class='ocrx_word' id='word_1_307' title='bbox 1157 2908 1221 2942; x_wconf 89' lang='lat' dir='ltr'><strong><em>suas</em></strong></span> <span class='ocrx_word' id='word_1_308' title='bbox 1230 2907 1300 2958; x_wconf 87' lang='lat' dir='ltr'><strong><em>par·</em></strong></span> 
     </span>
     <span class='ocr_line' id='line_1_39' title="bbox 214 2953 1302 3030; baseline 0.002 -22"><span class='ocrx_word' id='word_1_309' title='bbox 214 2968 254 3009; x_wconf 87' lang='lat' dir='ltr'><strong><em>tes</em></strong></span> <span class='ocrx_word' id='word_1_310' title='bbox 272 2953 397 3010; x_wconf 82' lang='lat' dir='ltr'><strong><em>reducit:</em></strong></span> <span class='ocrx_word' id='word_1_311' title='bbox 420 2958 618 3027; x_wconf 89' lang='lat' dir='ltr'><strong><em>imperatricem</em></strong></span> <span class='ocrx_word' id='word_1_312' title='bbox 644 2960 783 3030; x_wconf 73' lang='lat' dir='ltr'><strong><em>castigate</em></strong></span> <span class='ocrx_word' id='word_1_313' title='bbox 809 2959 934 3012; x_wconf 78' lang='lat' dir='ltr'><strong><em>Gabalae</em></strong></span> <span class='ocrx_word' id='word_1_314' title='bbox 955 2961 1046 3029; x_wconf 82' lang='lat' dir='ltr'><strong><em>filiam</em></strong></span> <span class='ocrx_word' id='word_1_315' title='bbox 1064 2958 1212 3028; x_wconf 86' lang='lat' dir='ltr'><strong><em>despondet</em></strong></span> <span class='ocrx_word' id='word_1_316' title='bbox 1233 2959 1302 3028; x_wconf 75' lang='lat'>(7²)-</span> 
     </span>
     <span class='ocr_line' id='line_1_40' title="bbox 214 3024 1302 3098; baseline 0.002 -19"><span class='ocrx_word' id='word_1_317' title='bbox 214 3025 395 3097; x_wconf 78' lang='lat' dir='ltr'><strong><em>Apocauchus</em></strong></span> <span class='ocrx_word' id='word_1_318' title='bbox 424 3024 458 3079; x_wconf 90' lang='lat' dir='ltr'><strong><em>de</em></strong></span> <span class='ocrx_word' id='word_1_319' title='bbox 484 3025 594 3098; x_wconf 76' lang='lat' dir='ltr'><strong><em>integro</em></strong></span> <span class='ocrx_word' id='word_1_320' title='bbox 617 3027 840 3082; x_wconf 80' lang='lat' dir='ltr'><strong><em>Cantacuzenum</em></strong></span> <span class='ocrx_word' id='word_1_321' title='bbox 857 3030 888 3080; x_wconf 91' lang='lat' dir='ltr'><strong><em>in</em></strong></span> <span class='ocrx_word' id='word_1_322' title='bbox 905 3030 1105 3098; x_wconf 88' lang='lat' dir='ltr'><strong><em>imperatricem</em></strong></span> <span class='ocrx_word' id='word_1_323' title='bbox 1124 3031 1240 3081; x_wconf 79' lang='lat' dir='ltr'><strong><em>irritat.-</em></strong></span> <span class='ocrx_word' id='word_1_324' title='bbox 1266 3046 1302 3081; x_wconf 89' lang='lat' dir='ltr'><strong><em>ao</em></strong></span> 
     </span>
     <span class='ocr_line' id='line_1_41' title="bbox 215 3095 1304 3169; baseline 0.001 -19"><span class='ocrx_word' id='word_1_325' title='bbox 215 3113 345 3157; x_wconf 88' lang='lat' dir='ltr'><strong><em>rursum,</em></strong></span> <span class='ocrx_word' id='word_1_326' title='bbox 366 3113 533 3169; x_wconf 73' lang='lat' dir='ltr'><strong><em>quamquam</em></strong></span> <span class='ocrx_word' id='word_1_327' title='bbox 549 3097 705 3160; x_wconf 84' lang='lat' dir='ltr'><strong><em>submissus,</em></strong></span> <span class='ocrx_word' id='word_1_328' title='bbox 721 3095 889 3151; x_wconf 87' lang='lat' dir='ltr'><strong><em>dominatur.</em></strong></span> <span class='ocrx_word' id='word_1_329' title='bbox 923 3100 1084 3168; x_wconf 69' lang='lat' dir='ltr'><strong><em>legationis</em></strong></span> <span class='ocrx_word' id='word_1_330' title='bbox 1103 3097 1143 3151; x_wconf 88' lang='lat' dir='ltr'><strong><em>ad</em></strong></span> <span class='ocrx_word' id='word_1_331' title='bbox 1158 3116 1218 3152; x_wconf 89' lang='lat' dir='ltr'><strong><em>eum</em></strong></span> <span class='ocrx_word' id='word_1_332' title='bbox 1237 3100 1304 3151; x_wconf 89' lang='lat' dir='ltr'><strong><em>mit·</em></strong></span> 
     </span>
     <span class='ocr_line' id='line_1_42' title="bbox 217 3163 1304 3240; baseline 0.001 -21"><span class='ocrx_word' id='word_1_333' title='bbox 217 3163 318 3219; x_wconf 81' lang='lat' dir='ltr'><strong><em>tendas</em></strong></span> <span class='ocrx_word' id='word_1_334' title='bbox 336 3180 501 3219; x_wconf 89' lang='lat' dir='ltr'><strong><em>auctorest.</em></strong></span> <span class='ocrx_word' id='word_1_335' title='bbox 536 3168 690 3221; x_wconf 86' lang='lat' dir='ltr'><strong><em>Mittuntur</em></strong></span> <span class='ocrx_word' id='word_1_336' title='bbox 707 3169 789 3222; x_wconf 78' lang='lat' dir='ltr'><strong><em>simul</em></strong></span> <span class='ocrx_word' id='word_1_337' title='bbox 806 3168 889 3222; x_wconf 87' lang='lat' dir='ltr'><strong><em>binae</em></strong></span> <span class='ocrx_word' id='word_1_338' title='bbox 906 3171 1058 3238; x_wconf 83' lang='lat' dir='ltr'><strong><em>epistolae,</em></strong></span> <span class='ocrx_word' id='word_1_339' title='bbox 1077 3170 1177 3239; x_wconf 80' lang='lat' dir='ltr'><strong><em>quibus</em></strong></span> <span class='ocrx_word' id='word_1_340' title='bbox 1192 3169 1304 3240; x_wconf 75' lang='lat' dir='ltr'><strong><em>signifi·</em></strong></span> 
     </span>
     <span class='ocr_line' id='line_1_43' title="bbox 218 3233 1304 3308; baseline 0.001 -19"><span class='ocrx_word' id='word_1_341' title='bbox 218 3247 300 3290; x_wconf 91' lang='lat' dir='ltr'><strong><em>catur</em></strong></span> <span class='ocrx_word' id='word_1_342' title='bbox 316 3233 448 3304; x_wconf 79' lang='lat' dir='ltr'><strong><em>gaudium</em></strong></span> <span class='ocrx_word' id='word_1_343' title='bbox 467 3234 501 3290; x_wconf 88' lang='lat' dir='ltr'><strong><em>de</em></strong></span> <span class='ocrx_word' id='word_1_344' title='bbox 520 3239 579 3291; x_wconf 88' lang='lat' dir='ltr'><strong><em>eius</em></strong></span> <span class='ocrx_word' id='word_1_345' title='bbox 597 3238 745 3291; x_wconf 85' lang='lat' dir='ltr'><strong><em>uoluntate</em></strong></span> <span class='ocrx_word' id='word_1_346' title='bbox 764 3241 876 3308; x_wconf 88' lang='lat' dir='ltr'><strong><em>imperii</em></strong></span> <span class='ocrx_word' id='word_1_347' title='bbox 892 3236 1066 3306; x_wconf 85' lang='lat' dir='ltr'><strong><em>deponendis</em></strong></span> <span class='ocrx_word' id='word_1_348' title='bbox 1094 3252 1125 3290; x_wconf 91' lang='lat' dir='ltr'><strong><em>ut</em></strong></span> <span class='ocrx_word' id='word_1_349' title='bbox 1134 3239 1217 3307; x_wconf 83' lang='lat' dir='ltr'><strong><em>salso</em></strong></span> <span class='ocrx_word' id='word_1_350' title='bbox 1234 3256 1304 3291; x_wconf 88' lang='lat' dir='ltr'><strong><em>nar-</em></strong></span> 
     </span>
     <span class='ocr_line' id='line_1_44' title="bbox 218 3305 1306 3379; baseline 0 -20"><span class='ocrx_word' id='word_1_351' title='bbox 218 3316 334 3359; x_wconf 86' lang='lat' dir='ltr'><strong><em>raverat</em></strong></span> <span class='ocrx_word' id='word_1_352' title='bbox 354 3306 541 3375; x_wconf 83' lang='lat' dir='ltr'><strong><em>Apocauchus.</em></strong></span> <span class='ocrx_word' id='word_1_353' title='bbox 579 3305 708 3360; x_wconf 86' lang='lat' dir='ltr'><strong><em>Conditio</em></strong></span> <span class='ocrx_word' id='word_1_354' title='bbox 726 3310 755 3361; x_wconf 91' lang='lat' dir='ltr'><strong><em>ei</em></strong></span> <span class='ocrx_word' id='word_1_355' title='bbox 771 3309 946 3379; x_wconf 88' lang='lat' dir='ltr'><strong><em>proponitur,</em></strong></span> <span class='ocrx_word' id='word_1_356' title='bbox 973 3327 1030 3378; x_wconf 79' lang='lat' dir='ltr'><strong><em>pua</em></strong></span> <span class='ocrx_word' id='word_1_357' title='bbox 1048 3311 1147 3362; x_wconf 84' lang='lat' dir='ltr'><strong><em>veniat</em></strong></span> <span class='ocrx_word' id='word_1_358' title='bbox 1169 3310 1235 3378; x_wconf 80' lang='lat'>(73).</span> <span class='ocrx_word' id='word_1_359' title='bbox 1270 3308 1306 3360; x_wconf 90' lang='lat' dir='ltr'><strong><em>In</em></strong></span> 
     </span>
     <span class='ocr_line' id='line_1_45' title="bbox 222 3375 1307 3448; baseline 0.002 -20"><span class='ocrx_word' id='word_1_360' title='bbox 222 3387 288 3428; x_wconf 89' lang='lat' dir='ltr'><strong><em>acta</em></strong></span> <span class='ocrx_word' id='word_1_361' title='bbox 299 3375 477 3441; x_wconf 80' lang='lat' dir='ltr'><strong><em>imperatoris</em></strong></span> <span class='ocrx_word' id='word_1_362' title='bbox 491 3375 666 3448; x_wconf 73' lang='lat' dir='ltr'><strong><em>inquiritur5</em></strong></span> <span class='ocrx_word' id='word_1_363' title='bbox 684 3377 751 3432; x_wconf 85' lang='lat' dir='ltr'><strong><em>bene</em></strong></span> <span class='ocrx_word' id='word_1_364' title='bbox 763 3378 916 3448; x_wconf 74' lang='lat' dir='ltr'><strong><em>praeficisse</em></strong></span> <span class='ocrx_word' id='word_1_365' title='bbox 927 3378 1063 3432; x_wconf 88' lang='lat' dir='ltr'><strong><em>communi</em></strong></span> <span class='ocrx_word' id='word_1_366' title='bbox 1075 3377 1197 3431; x_wconf 87' lang='lat' dir='ltr'><strong><em>docetur.</em></strong></span> <span class='ocrx_word' id='word_1_367' title='bbox 1231 3379 1307 3432; x_wconf 83' lang='lat' dir='ltr'><strong><em>Lan-</em></strong></span> 
     </span>
     <span class='ocr_line' id='line_1_46' title="bbox 220 3444 1307 3519; baseline 0.005 -25"><span class='ocrx_word' id='word_1_368' title='bbox 220 3444 287 3514; x_wconf 75' lang='lat' dir='ltr'><strong><em>gior</em></strong></span> <span class='ocrx_word' id='word_1_369' title='bbox 303 3444 481 3513; x_wconf 87' lang='lat' dir='ltr'><strong><em>Imperatoris</em></strong></span> <span class='ocrx_word' id='word_1_370' title='bbox 501 3447 613 3506; x_wconf 86' lang='lat' dir='ltr'><strong><em>oratio,</em></strong></span> <span class='ocrx_word' id='word_1_371' title='bbox 640 3465 696 3519; x_wconf 76' lang='lat' dir='ltr'><strong><em>qua</em></strong></span> <span class='ocrx_word' id='word_1_372' title='bbox 722 3447 904 3502; x_wconf 73' lang='lat' dir='ltr'><strong><em>archontibus</em></strong></span> <span class='ocrx_word' id='word_1_373' title='bbox 923 3449 1085 3517; x_wconf 76' lang='lat' dir='ltr'><strong><em>ignobilitas</em></strong></span> <span class='ocrx_word' id='word_1_374' title='bbox 1108 3447 1307 3518; x_wconf 88' lang='lat' dir='ltr'><strong><em>etimpruden·</em></strong></span> 
     </span>
     <span class='ocr_line' id='line_1_47' title="bbox 221 3512 1308 3589; baseline 0.002 -23"><span class='ocrx_word' id='word_1_375' title='bbox 221 3515 263 3566; x_wconf 88' lang='lat' dir='ltr'><strong><em>tia</em></strong></span> <span class='ocrx_word' id='word_1_376' title='bbox 282 3512 415 3566; x_wconf 80' lang='lat' dir='ltr'><strong><em>obiicitur</em></strong></span> <span class='ocrx_word' id='word_1_377' title='bbox 433 3528 459 3568; x_wconf 89' lang='lat' dir='ltr'><strong><em>et</em></strong></span> <span class='ocrx_word' id='word_1_378' title='bbox 476 3516 661 3584; x_wconf 87' lang='lat' dir='ltr'><strong><em>reipublicae</em></strong></span> <span class='ocrx_word' id='word_1_379' title='bbox 676 3531 765 3571; x_wconf 88' lang='lat' dir='ltr'><strong><em>status</em></strong></span> <span class='ocrx_word' id='word_1_380' title='bbox 786 3516 953 3586; x_wconf 84' lang='lat' dir='ltr'><strong><em>deploratur.</em></strong></span> <span class='ocrx_word' id='word_1_381' title='bbox 989 3516 1141 3589; x_wconf 77' lang='lat' dir='ltr'><strong><em>Respondet</em></strong></span> <span class='ocrx_word' id='word_1_382' title='bbox 1159 3532 1308 3589; x_wconf 86' lang='lat' dir='ltr'><strong><em>praeterea</em></strong></span> 
     </span>
     <span class='ocr_line' id='line_1_48' title="bbox 223 3579 1309 3656; baseline 0.006 -23"><span class='ocrx_word' id='word_1_383' title='bbox 223 3579 263 3633; x_wconf 83' lang='lat' dir='ltr'><strong><em>acl</em></strong></span> <span class='ocrx_word' id='word_1_384' title='bbox 279 3580 328 3644; x_wconf 88' lang='lat' dir='ltr'><strong><em>id,</em></strong></span> <span class='ocrx_word' id='word_1_385' title='bbox 349 3582 426 3654; x_wconf 79' lang='lat' dir='ltr'><strong><em>quod</em></strong></span> <span class='ocrx_word' id='word_1_386' title='bbox 440 3584 604 3646; x_wconf 87' lang='lat' dir='ltr'><strong><em>patriarcha</em></strong></span> <span class='ocrx_word' id='word_1_387' title='bbox 622 3603 682 3639; x_wconf 86' lang='lat' dir='ltr'><strong><em>eum</em></strong></span> <span class='ocrx_word' id='word_1_388' title='bbox 700 3588 740 3640; x_wconf 86' lang='lat' dir='ltr'><strong><em>ad</em></strong></span> <span class='ocrx_word' id='word_1_389' title='bbox 752 3585 868 3641; x_wconf 84' lang='lat' dir='ltr'><strong><em>reditum</em></strong></span> <span class='ocrx_word' id='word_1_390' title='bbox 881 3590 1027 3650; x_wconf 89' lang='lat' dir='ltr'><strong><em>invitans,</em></strong></span> <span class='ocrx_word' id='word_1_391' title='bbox 1045 3605 1136 3656; x_wconf 86' lang='lat' dir='ltr'><strong><em>poena</em></strong></span> <span class='ocrx_word' id='word_1_392' title='bbox 1154 3589 1309 3641; x_wconf 90' lang='lat' dir='ltr'><strong><em>soluturum</em></strong></span> 
     </span>
     <span class='ocr_line' id='line_1_49' title="bbox 224 3649 1310 3728; baseline 0.006 -24"><span class='ocrx_word' id='word_1_393' title='bbox 224 3649 348 3714; x_wconf 76' lang='lat' dir='ltr'><strong><em>dixerat,</em></strong></span> <span class='ocrx_word' id='word_1_394' title='bbox 367 3667 393 3705; x_wconf 92' lang='lat' dir='ltr'><strong><em>et</em></strong></span> <span class='ocrx_word' id='word_1_395' title='bbox 408 3651 441 3707; x_wconf 90' lang='lat' dir='ltr'><strong><em>de</em></strong></span> <span class='ocrx_word' id='word_1_396' title='bbox 458 3655 490 3706; x_wconf 86' lang='lat' dir='ltr'><strong><em>vi</em></strong></span> <span class='ocrx_word' id='word_1_397' title='bbox 510 3655 693 3710; x_wconf 82' lang='lat' dir='ltr'><strong><em>anathematis</em></strong></span> <span class='ocrx_word' id='word_1_398' title='bbox 705 3656 836 3727; x_wconf 82' lang='lat' dir='ltr'><strong><em>disputat.</em></strong></span> <span class='ocrx_word' id='word_1_399' title='bbox 872 3659 907 3712; x_wconf 90' lang='lat' dir='ltr'><strong><em>In</em></strong></span> <span class='ocrx_word' id='word_1_400' title='bbox 916 3658 975 3728; x_wconf 75' lang='lat' dir='ltr'><strong><em>fine</em></strong></span> <span class='ocrx_word' id='word_1_401' title='bbox 993 3660 1091 3726; x_wconf 69' lang='lat' dir='ltr'><strong><em>ingens</em></strong></span> <span class='ocrx_word' id='word_1_402' title='bbox 1106 3660 1185 3725; x_wconf 87' lang='lat' dir='ltr'><strong><em>pacis</em></strong></span> <span class='ocrx_word' id='word_1_403' title='bbox 1200 3655 1310 3712; x_wconf 87' lang='lat' dir='ltr'><strong><em>deside·</em></strong></span> 
     </span>
     <span class='ocr_line' id='line_1_50' title="bbox 225 3722 1310 3797; baseline 0.005 -22"><span class='ocrx_word' id='word_1_404' title='bbox 225 3722 298 3775; x_wconf 89' lang='lat' dir='ltr'><strong><em>rium</em></strong></span> <span class='ocrx_word' id='word_1_405' title='bbox 315 3722 384 3791; x_wconf 72' lang='lat' dir='ltr'><strong><em>(ph).</em></strong></span> <span class='ocrx_word' id='word_1_406' title='bbox 418 3723 540 3776; x_wconf 88' lang='lat' dir='ltr'><strong><em>Pheraei</em></strong></span> <span class='ocrx_word' id='word_1_407' title='bbox 557 3725 666 3777; x_wconf 84' lang='lat' dir='ltr'><strong><em>veniam</em></strong></span> <span class='ocrx_word' id='word_1_408' title='bbox 685 3740 711 3779; x_wconf 92' lang='lat' dir='ltr'><strong><em>et</em></strong></span> <span class='ocrx_word' id='word_1_409' title='bbox 728 3745 804 3796; x_wconf 90' lang='lat' dir='ltr'><strong><em>opem</em></strong></span> <span class='ocrx_word' id='word_1_410' title='bbox 823 3728 857 3780; x_wconf 81' lang='lat' dir='ltr'><strong><em>ab</em></strong></span> <span class='ocrx_word' id='word_1_411' title='bbox 875 3728 1043 3797; x_wconf 85' lang='lat' dir='ltr'><strong><em>Imperatore</em></strong></span> <span class='ocrx_word' id='word_1_412' title='bbox 1052 3729 1191 3797; x_wconf 80' lang='lat' dir='ltr'><strong><em>flagitant</em></strong></span> <span class='ocrx_word' id='word_1_413' title='bbox 1205 3741 1232 3781; x_wconf 93' lang='lat' dir='ltr'><strong><em>et</em></strong></span> <span class='ocrx_word' id='word_1_414' title='bbox 1244 3745 1310 3780; x_wconf 89' lang='lat' dir='ltr'><strong><em>con·</em></strong></span> 
     </span>
     <span class='ocr_line' id='line_1_51' title="bbox 226 3794 1313 3865; baseline 0.003 -22"><span class='ocrx_word' id='word_1_415' title='bbox 226 3805 387 3861; x_wconf 84' lang='lat' dir='ltr'><strong><em>sequuntur.</em></strong></span> <span class='ocrx_word' id='word_1_416' title='bbox 432 3794 479 3846; x_wconf 77' lang='lat' dir='ltr'><strong><em>Ee</em></strong></span> <span class='ocrx_word' id='word_1_417' title='bbox 502 3795 568 3864; x_wconf 88' lang='lat' dir='ltr'><strong><em>ipsis</em></strong></span> <span class='ocrx_word' id='word_1_418' title='bbox 584 3797 782 3854; x_wconf 78' lang='lat' dir='ltr'><strong><em>mutabilitatis</em></strong></span> <span class='ocrx_word' id='word_1_419' title='bbox 796 3796 929 3865; x_wconf 74' lang='lat' dir='ltr'><strong><em>fortunae</em></strong></span> <span class='ocrx_word' id='word_1_420' title='bbox 947 3798 1083 3852; x_wconf 87' lang='lat' dir='ltr'><strong><em>humanae</em></strong></span> <span class='ocrx_word' id='word_1_421' title='bbox 1101 3796 1289 3850; x_wconf 88' lang='lat' dir='ltr'><strong><em>documentum</em></strong></span> <span class='ocrx_word' id='word_1_422' title='bbox 1300 3816 1313 3847; x_wconf 83' lang='lat' dir='ltr'><strong><em>s.</em></strong></span> 
     </span>
     <span class='ocr_line' id='line_1_52' title="bbox 227 3864 1312 3937; baseline 0.006 -26"><span class='ocrx_word' id='word_1_423' title='bbox 227 3878 344 3930; x_wconf 80' lang='lat' dir='ltr'><strong><em>quorum</em></strong></span> <span class='ocrx_word' id='word_1_424' title='bbox 361 3864 482 3932; x_wconf 79' lang='lat' dir='ltr'><strong><em>exemplo</em></strong></span> <span class='ocrx_word' id='word_1_425' title='bbox 504 3866 633 3930; x_wconf 72' lang='lat' dir='ltr'><strong><em>ltyeantii</em></strong></span> <span class='ocrx_word' id='word_1_426' title='bbox 650 3880 808 3929; x_wconf 90' lang='lat' dir='ltr'><strong><em>terrentur,</em></strong></span> <span class='ocrx_word' id='word_1_427' title='bbox 833 3881 861 3920; x_wconf 90' lang='lat' dir='ltr'><strong><em>et</em></strong></span> <span class='ocrx_word' id='word_1_428' title='bbox 884 3887 942 3921; x_wconf 90' lang='lat' dir='ltr'><strong><em>non</em></strong></span> <span class='ocrx_word' id='word_1_429' title='bbox 959 3886 1036 3935; x_wconf 87' lang='lat' dir='ltr'><strong><em>posse</em></strong></span> <span class='ocrx_word' id='word_1_430' title='bbox 1055 3869 1196 3937; x_wconf 86' lang='lat' dir='ltr'><strong><em>imperium</em></strong></span> <span class='ocrx_word' id='word_1_431' title='bbox 1212 3865 1312 3935; x_wconf 79' lang='lat' dir='ltr'><strong><em>defen-</em></strong></span> 
     </span>
     <span class='ocr_line' id='line_1_53' title="bbox 228 3927 1312 4005; baseline 0.006 -24"><span class='ocrx_word' id='word_1_432' title='bbox 228 3927 314 3991; x_wconf 87' lang='lat' dir='ltr'><strong><em>dere,</em></strong></span> <span class='ocrx_word' id='word_1_433' title='bbox 339 3935 432 3984; x_wconf 89' lang='lat' dir='ltr'><strong><em>multis</em></strong></span> <span class='ocrx_word' id='word_1_434' title='bbox 456 3935 600 4005; x_wconf 81' lang='lat' dir='ltr'><strong><em>probatur.</em></strong></span> <span class='ocrx_word' id='word_1_435' title='bbox 644 3935 805 3989; x_wconf 79' lang='lat' dir='ltr'><strong><em>ostenditur</em></strong></span> <span class='ocrx_word' id='word_1_436' title='bbox 821 3937 897 3998; x_wconf 88' lang='lat' dir='ltr'><strong><em>item,</em></strong></span> <span class='ocrx_word' id='word_1_437' title='bbox 915 3943 1024 3991; x_wconf 83' lang='lat' dir='ltr'><strong><em>Annam</em></strong></span> <span class='ocrx_word' id='word_1_438' title='bbox 1046 3939 1248 4005; x_wconf 89' lang='lat' dir='ltr'><strong><em>imperatricem</em></strong></span> <span class='ocrx_word' id='word_1_439' title='bbox 1266 3936 1312 3987; x_wconf 86' lang='lat' dir='ltr'><strong><em>sui</em></strong></span> 
     </span>
     <span class='ocr_line' id='line_1_54' title="bbox 229 4000 1315 4077; baseline 0.001 -23"><span class='ocrx_word' id='word_1_440' title='bbox 229 4000 301 4054; x_wconf 85' lang='lat' dir='ltr'><strong><em>iuris</em></strong></span> <span class='ocrx_word' id='word_1_441' title='bbox 312 4020 369 4053; x_wconf 91' lang='lat' dir='ltr'><strong><em>non</em></strong></span> <span class='ocrx_word' id='word_1_442' title='bbox 381 4021 444 4056; x_wconf 86' lang='lat' dir='ltr'><strong><em>esse.</em></strong></span> <span class='ocrx_word' id='word_1_443' title='bbox 483 4003 688 4074; x_wconf 77' lang='lat' dir='ltr'><strong><em>Clerysohergis,</em></strong></span> <span class='ocrx_word' id='word_1_444' title='bbox 711 4007 800 4074; x_wconf 68' lang='lat' dir='ltr'><strong><em>leuati</em></strong></span> <span class='ocrx_word' id='word_1_445' title='bbox 807 4007 996 4077; x_wconf 90' lang='lat' dir='ltr'><strong><em>Imperatoris,</em></strong></span> <span class='ocrx_word' id='word_1_446' title='bbox 1007 4007 1165 4062; x_wconf 87' lang='lat' dir='ltr'><strong><em>constantia</em></strong></span> <span class='ocrx_word' id='word_1_447' title='bbox 1178 4004 1315 4059; x_wconf 84' lang='lat' dir='ltr'><strong><em>aduersus</em></strong></span> 
     </span>
     <span class='ocr_line' id='line_1_55' title="bbox 231 4071 1314 4131; baseline 0.005 -11"><span class='ocrx_word' id='word_1_448' title='bbox 231 4071 321 4122; x_wconf 89' lang='lat' dir='ltr'><strong><em>minas</em></strong></span> <span class='ocrx_word' id='word_1_449' title='bbox 339 4085 365 4123; x_wconf 89' lang='lat' dir='ltr'><strong><em>et</em></strong></span> <span class='ocrx_word' id='word_1_450' title='bbox 384 4072 511 4126; x_wconf 83' lang='lat' dir='ltr'><strong><em>verhern.</em></strong></span> <span class='ocrx_word' id='word_1_451' title='bbox 548 4077 714 4129; x_wconf 71' lang='lat' dir='ltr'><strong><em>archontum</em></strong></span> <span class='ocrx_word' id='word_1_452' title='bbox 736 4077 861 4130; x_wconf 88' lang='lat' dir='ltr'><strong><em>invictus</em></strong></span> <span class='ocrx_word' id='word_1_453' title='bbox 879 4078 987 4131; x_wconf 87' lang='lat' dir='ltr'><strong><em>animus</em></strong></span> <span class='ocrx_word' id='word_1_454' title='bbox 999 4082 1029 4129; x_wconf 86' lang='lat' dir='ltr'><strong><em>in</em></strong></span> <span class='ocrx_word' id='word_1_455' title='bbox 1044 4094 1151 4131; x_wconf 90' lang='lat' dir='ltr'><strong><em>arcano</em></strong></span> <span class='ocrx_word' id='word_1_456' title='bbox 1163 4072 1314 4129; x_wconf 81' lang='lat' dir='ltr'><strong><em>reticendo.</em></strong></span> 
     </span>
     <span class='ocr_line' id='line_1_56' title="bbox 234 4140 1315 4222; baseline 0.006 -28"><span class='ocrx_word' id='word_1_457' title='bbox 234 4140 366 4196; x_wconf 77' lang='lat' dir='ltr'><strong><em>Gerellae</em></strong></span> <span class='ocrx_word' id='word_1_458' title='bbox 384 4140 500 4202; x_wconf 87' lang='lat' dir='ltr'><strong><em>deditio.</em></strong></span> <span class='ocrx_word' id='word_1_459' title='bbox 534 4143 651 4200; x_wconf 84' lang='lat' dir='ltr'><strong><em>Ilursom</em></strong></span> <span class='ocrx_word' id='word_1_460' title='bbox 666 4147 746 4219; x_wconf 89' lang='lat' dir='ltr'><strong><em>pacis</em></strong></span> <span class='ocrx_word' id='word_1_461' title='bbox 761 4149 861 4219; x_wconf 88' lang='lat' dir='ltr'><strong><em>petitio</em></strong></span> <span class='ocrx_word' id='word_1_462' title='bbox 878 4146 945 4219; x_wconf 72' lang='lat'><strong>(75).</strong></span> <span class='ocrx_word' id='word_1_463' title='bbox 990 4148 1114 4204; x_wconf 84' lang='lat' dir='ltr'><strong><em>Castella</em></strong></span> <span class='ocrx_word' id='word_1_464' title='bbox 1132 4143 1315 4222; x_wconf 78' lang='lat' dir='ltr'><strong><em>quaedamst</em></strong></span> 
     </span>
    </p>
   </div>
   <div class='ocr_carea' id='block_1_3' title="bbox 0 0 1518 4700">
    <p class='ocr_par' dir='ltr' id='par_1_3' title="bbox 0 0 1518 4700">
     <span class='ocr_line' id='line_1_57' title="bbox 0 0 1518 4700; baseline 0 0"><span class='ocrx_word' id='word_1_465' title='bbox 0 0 1518 4700; x_wconf 95' lang='lat' dir='ltr'><strong><em> </em></strong></span> 
     </span>
    </p>
   </div>
  </div>
 </body>
</html>
