2934 4700
526 356 529 361 ‚
578 306 685 371 ιιιιιι
713 308 772 370 ιιι.
1209 277 1234 362 5

145 460 344 537 diripientem
371 474 466 515 earum
480 459 648 515 immsnsitas
666 462 832 535 replicatur.
869 463 979 516 contra
998 477 1058 519 erm
1077 478 1158 516 socer
1176 465 1236 517 Aa·

146 534 282 589 dronicus
291 533 395 585 Asana
404 529 462 584 dua
480 528 623 604 deligitur.
661 533 794 586 Vastatur
810 534 970 602 prouincia.
1000 533 1029 585 Ε
1046 533 1235 587 Zernomiano

130 598 649 676 1praedatoresepudDidymctichum
668 600 856 656 trucidentur.
892 601 1235 673 Adrianapolimlmpsra·

147 686 197 728 tor
223 670 320 728 tendit.
368 670 509 725 Pincerna
534 671 679 741 Pamphilo
710 675 871 726 accersitur.
919 672 1029 726 llebrus
1058 677 1235 743 congelascit.

149 741 385 816 Pamphilensium
409 742 509 797 scelus.
544 742 677 812 Byzantii
695 742 906 796 Cantaeusenus
923 744 1118 795 contumeliose
1138 742 1235 795 admw

147 810 215 868 dan
234 830 285 883 per
308 827 360 865 ora
382 809 549 865 traducitur·
583 810 789 882 Apatriarcha
807 812 1035 865 anathematismo
1050 814 1235 880 percelliturt

147 883 353 955 imperatricem
373 893 402 935 et
425 882 576 935 archontas
594 881 716 934 honorat
732 882 798 1003 (δῖ)
837 882 937 934 triens
954 881 1121 954 praefectis,
1138 900 1167 936 se
1188 900 1236 937 ce·

110 982 116 991 ,
146 955 224 1008 tasas
241 953 353 1007 moksts
365 951 538 1021 serentibus,
546 952 660 1023 ficetum
675 969 754 1004 suum
787 970 801 1005 e
819 951 916 1004 habitu
934 964 962 1004 et
986 954 1096 1006 nomine
1114 954 1237 1022 Impera·

145 1025 223 1078 toris
237 1023 358 1095 probare
375 1021 527 1076 contendit.
557 1022 666 1093 byrgos,
684 1021 834 1075 Pherarum
849 1023 1017 1093 praefectus,
1037 1025 1097 1076 eius
1113 1021 1186 1074 bona
1196 1019 1239 1074 ad

143 1109 174 1148 tt
193 1095 306 1148 avertit.
345 1092 723 1154 Protostratorimmutatut‚
745 1091 970 1145 Thessalonicam
986 1089 1155 1146 traditurum
1168 1110 1237 1162 pro·

146 1163 246 1217 mittit
272 1162 396 1223 Chreles,
409 1159 529 1230 dynasta
540 1161 693 1224 Mallus,
710 1159 925 1233 adpccidentem
937 1160 1053 1222 inuitat,
1072 1179 1148 1232 opem
1158 1178 1236 1213 suant

147 1232 275 1303 sponda.
313 1232 446 1294 Vincunt,
458 1233 550 1305 quiin
561 1234 679 1288 consilio
691 1234 771 1301 prius
784 1229 964 1294 occidentem,
983 1248 1066 1302 quam
1072 1235 1237 1299 Byzantium

144 1300 297 1374 petendum
323 1302 447 1355 sentiunt
468 1304 534 1371 (31).
573 1303 784 1354 cantoennenus
807 1319 919 1355 uxorem
938 1320 999 1356 eum
1007 1302 1127 1373 filiabus
1144 1299 1236 1367 Didy-

147 1372 269 1428 motichi
292 1373 447 1442 relinquit,·
472 1371 537 1425 urbi
562 1386 589 1428 et
613 1371 746 1424 suburbio
762 1372 917 1442 praefectos
934 1370 984 1425 dat
1001 1389 1061 1425 cum
1078 1369 1236 1441 praesidiis.
1276 1400 1279 1407 ⁴

147 1444 225 1497 Bera
243 1442 386 1497 castellum
403 1445 434 1495 in
450 1443 571 1512 gratiam
588 1442 784 1495 monacharum
802 1442 877 1493 intus
894 1441 1049 1510 degentium
1068 1443 1128 1495 sine
1142 1444 1174 1492 ui
1187 1459 1236 1494 ea·

145 1515 236 1582 pitter.
281 1512 404 1565 Batateis
428 1514 511 1565 timor
532 1514 564 1564 in
580 1511 620 1563 lm
640 1525 751 1564 eratore
775 1510 973 1582 persequendo.
1013 1512 1237 1582 Anastasiopolis

148 1580 229 1636 dicta
246 1582 281 1634 ab
301 1579 463 1635 Andronico
480 1584 591 1634 iuniore
608 1529 810 1636 ibrtueon'an
828 1579 977 1634 obsidetur.
1012 1581 1139 1633 Batatzis
1160 1598 1237 1632 rnen·

150 1649 264 1705 dacium
280 1650 349 1720 (32).
387 1651 517 1721 Epistola
540 1651 732 1704 Cantacuztni
749 1647 788 1702 ad
802 1651 1008 1720 patriarcham,
1026 1667 1091 1721 spuo
1108 1668 1136 1702 se
1158 1650 1238 1720 pacis

147 1718 539 1791 cupidissimumdemonstrat
577 1721 752 1773 Tabellarius
768 1736 880 1773 carcere
893 1721 1035 1773 multatur.
1070 1720 1238 1788 imperatrix

145 1791 263 1857 firminis
281 1793 341 1843 suis
358 1792 583 1843 Cantacueenum
603 1802 717 1843 excusat
738 1807 772 1843 ac
788 1787 913 1859 defendit
929 1788 1017 1861 deque
1035 1805 1068 1841 eo
1082 1788 1238 1860 honorifice

146 1862 283 1931 loquitur.
317 1860 475 1914 Resciscens
499 1859 532 1911 id
555 1860 754 1927 Apocauehus,
784 1862 947 1913 coniuratos
971 1877 1053 1930 super
1080 1861 1237 1911 imminente

145 1930 276 2002 periculo
301 1943 400 1983 monet.
436 1930 611 1994 imperatrici
637 1931 822 1985 iuramentum
848 1927 973 1983 indicere
1000 1939 1143 1991 statuunt,
1169 1931 1238 1991 ipsis

146 1999 308 2055 nolentibus
326 1997 360 2053 de
372 2015 441 2069 pace
460 1999 533 2053 nihii
550 2011 719 2053 tentaturam
732 1997 802 2069 (33).
843 1998 925 2067 Apud
935 2017 994 2052 eam
1015 1996 1149 2053 aduersus
1164 1998 1243 2049 Can-¹

146 2081 314 2123 taeuzenum
336 2082 425 2140 agunt
440 2070 562 2131 acriter,
583 2072 745 2137 praesertim
760 2069 934 2138 patriarcha.
973 2068 1056 2121 lurat
1070 2082 1096 2121 et
1118 2068 1167 2120 diu
1185 2086 1237 2120 no·

148 2151 252 2209 atique
275 2158 327 2209 per
353 2140 515 2192 coniuratos
537 2151 564 2194 et
576 2141 702 2210 samaias
715 2137 886 2197 custoditur,
908 2136 1022 2209 quibus,
1041 2152 1071 2190 ut
1085 2136 1162 2191 dicta
1177 2139 1239 2190 eius

147 2209 295 2278 refferant,
318 2225 417 2263 aurum
440 2206 535 2263 datur.
581 2209 794 2262 cansaeuaenus
811 2226 826 2262 e
845 2222 935 2260 monte
957 2208 1025 2259 Atho
1042 2208 1238 2260 monachorum

146 2280 339 2333 sanctissimos
348 2291 457 2342 euocat,
475 2295 594 2352 quorum
604 2278 773 2331 existimatio
787 2277 960 2345 imperatrici
971 2293 1067 2345 pacem
1075 2273 1238 2348 persuadet:

147 2345 199 2405 sed
216 2351 356 2433 reiigione
377 2368 396 2402 a
416 2351 614 2421 compositione
640 2346 790 2419 impeditur
808 2345 876 2417 (34).
924 2345 1093 2399 Patriarcha
1116 2359 1142 2402 et
1169 2345 1240 2398 socii

148 2419 294 2471 monaches
310 2421 492 2473 irascuntur:
515 2422 591 2472 inter
610 2436 657 2472 eos
672 2417 797 2488 conflare
814 2413 972 2471 discordias
983 2415 1112 2469 student:
1134 2418 1239 2485 primo·

148 2505 193 2543 res
201 2486 313 2542 duriter
322 2488 433 2542 habent·
468 2494 492 2544 A
502 2501 706 2559 protostratore
723 2488 847 2540 nuntius.
882 2485 1082 2542 Peritheorium
1095 2505 1111 2538 o
1129 2502 1240 2556 pugna-

148 2570 204 2612 tur.
238 2558 280 2612 De
301 2577 378 2612 muro
398 2557 474 2627 fiunt
493 2551 626 2612 convicia
645 2560 862 2611 Cantaeuetno:
893 2559 1069 2610 conviciator
1087 2506 1130 2607 ab
1145 2551 1239 2607 eodem

149 2628 304 2683 christiane
320 2631 467 2699 accipitur.
504 2625 644 2699 Oppidani
654 2629 773 2681 coasilio
791 2627 920 2696 peruersi
933 2628 1053 2680 hominis
1070 2624 1240 2678 deditionem

149 2710 313 2751 retractant
349 2700 415 2767 Imp.
432 2699 656 2752 Thessalonicam
676 2697 735 2749 abit
750 2697 814 2766 (35)
859 2698 990 2758 loannes,
1019 2694 1177 2749 Andronici
1199 2695 1240 2764 fi·

152 2767 219 2830 lius,
236 2768 394 2822 adolescens
410 2769 543 2835 Byzantii
556 2781 716 2821 coronatur.
741 2768 891 2820 coniurati
899 2765 1084 2836 dignitatibus
1091 2777 1239 2819 ornantur.

152 2837 336 2891 Patriarchae
345 2840 452 2908 flestus.
500 2837 680 2908 Apocauchus
697 2854 826 2888 summum
855 2838 997 2906 imperium
1022 2838 1077 2889 sibi
1106 2847 1239 2903 arrogat:

151 2908 323 2979 propinquos
354 2908 546 2961 Cantacuseni
580 2909 706 2976 iugulat:
733 2909 795 2958 eius
822 2919 935 2959 matrem
956 2908 987 2958 in
1012 2922 1124 2959 carcere
1153 2919 1239 2973 usque

152 2975 194 3028 ad
210 2992 323 3031 mortem
345 2980 506 3032 saeuissime
526 2976 648 3047 affligit:
672 2995 755 3046 quam
775 2977 923 3028 miseratur
941 2978 1112 3044 imperatrix.
1150 2974 1239 3026 Theo·

152 3044 252 3109 dorae,
268 3048 376 3100 sororis
398 3047 555 3101 Andronici
577 3048 699 3099 iunioris
717 3043 821 3099 uiduae
845 3057 871 3098 et
897 3044 1067 3109 monachae,
1092 3048 1124 3096 in
1154 3043 1240 3094 mori·

155 3116 276 3169 bundam
296 3131 323 3170 et
343 3130 477 3170 mortuam
501 3115 613 3169 caritas.
656 3118 791 3168 quentae
804 3117 939 3184 pecuniae
957 3112 1120 3183 magnitudo
1135 3126 1161 3164 tt
1179 3110 1240 3162 dis-

154 3187 280 3239 tributio.
318 3188 420 3240 Grauis
442 3189 473 3239 in
491 3187 713 3239 Cantacuseuum
730 3186 883 3238 calumnia.
921 3185 1025 3237 Contra
1041 3183 1154 3236 eundern
1166 3186 1240 3250 Apo-

155 3256 279 3310 tauchus
298 3257 410 3310 classem
429 3257 461 3307 in
476 3254 644 3310 occidentem
664 3266 748 3319 piarat
771 3255 838 3324 (36).
877 3254 980 3325 Syrges
1001 3255 1105 3305 itinera
1125 3253 1269 3324 Theseu·x

155 3326 277 3380 ionicam
289 3324 416 3379 obsidens
431 3324 583 3379 deluditur.
616 3325 773 3391 Polystylus
789 3324 919 3377 munitur.
956 3325 1171 3376 Protostratoris
1181 3340 1241 3375 mc-

157 3398 227 3448 nitio
249 3408 277 3449 et
301 3396 408 3449 Cluuiis
428 3396 579 3465 responsio.
618 3396 965 3465 Imperatorisanguseiae.
1002 3395 1116 3464 Syrges,
1142 3396 1241 3445 Mono-

156 3464 269 3519 machus
290 3478 318 3519 et
338 3466 480 3536 episcopus
503 3465 732 3533 metropolitanus
757 3463 796 3517 ad
820 3477 913 3518 castra
937 3465 1128 3517 Cantacueeni
1145 3464 1241 3532 explo-

157 3549 266 3589 ratores
289 3537 409 3587 mittune
451 3538 506 3588 Per
522 3536 632 3588 litteras
648 3532 747 3588 adeas
766 3533 847 3586 datas
872 3552 949 3585 suam
970 3535 1161 3587 innocentiam
1183 3546 1243 3584 tue·

159 3615 224 3657 tur.-
243 3602 277 3657 de
300 3607 451 3658 iuramenti
471 3608 563 3658 ouusis
585 3604 715 3656 disserit:
737 3623 782 3659 eos
805 3604 991 3674 improbitatis
1006 3604 1151 3656 convincit
1175 3601 1241 3671 (37)-

157 3675 326 3727 lielenieum
353 3675 562 3728 Cuntaeusenus
582 3686 706 3739 occupat.
744 3674 897 3739 Chrelispa
914 3671 1071 3744 formidine
1088 3671 1243 3726 cunetatio:

158 3745 217 3796 eius
247 3742 371 3797 adventu
400 3748 538 3797 exercitus
569 3746 701 3796 laetatur.
749 3744 964 3797 Protostratoris
995 3759 1098 3813 anceps
1125 3745 1244 3794 animus.

161 3813 373 3868 Thessalonicae
399 3815 561 3866 Zelotarum
583 3819 631 3880 (ea
650 3826 712 3865 erat
720 3813 823 3884 factio
837 3813 1018 3882 Palaeologi)
1041 3810 1164 3934 aptanda
1186 3828 1245 3864 see-

158 3882 226 3936 lera.
255 3885 447 3958 Protostrator
460 3901 520 3934 cum
540 3884 713 3954 optimatibus
722 3884 857 3955 fugatus,
878 3900 974 3953 ugrum
987 3901 1059 3952 popu
1073 3896 1146 3935 atur.
1173 3881 1246 3932 Cun⁴

160 3956 289 4006 tacueeni
303 3954 431 4022 afflictio.
468 3955 621 4020 Byzantini
643 3953 868 4006 Thessalonicam
884 3955 992 4023 magnis
1013 3955 1101 4014 copiis
1123 3949 1245 4021 ingredi·

161 4036 252 4076 untur.
290 4024 355 4076 Cum
374 4024 501 4077 exulibus
525 4025 695 4077 consultatio
717 4025 783 4093 (38).
821 4025 864 4094 1η,
877 4026 1011 4077 concione
1030 4020 1165 4077 dicendae
1184 4038 1247 4073 sen·

162 4094 265 4147 tentiae
285 4098 384 4166 cuique
399 4094 441 4166 fit
459 4106 589 4163 potestas.
623 4094 696 4146 Aliis
715 4093 965 4157 tergiversantibus
983 4094 1137 4162 imperator
1161 4091 1247 4143 thu·

88 4207 94 4223 ,
161 4164 285 4216 salossiea
297 4161 494 4226 recedendum,
509 4181 560 4216 nec
573 4161 730 4217 adcaetera
744 4161 944 4233 desperandum
953 4162 1137 4234 pronuntiate
1156 4158 1247 4212 lihen-

163 4231 238 4288 tinae
249 4233 420 4306 praesidium
437 4232 609 4307 augendum,
633 4234 859 4290 Tlsessalonieasu
871 4231 1085 4289 incursandam:
1102 4248 1158 4304 quo
1168 4228 1247 4296 saeta
