2934 4700
457 304 740 371 νιετοοιειιιοι
770 311 824 371 ru.
845 313 899 380 ει.
1141 310 1225 394 209

139 453 257 539 χρόνον
278 453 503 540 Περιθεοόριον
522 454 711 539 ἐπολιόρκει,
732 455 814 542 πρός
836 455 913 534 rode
932 458 966 521 ἓν
979 449 1069 546 'Ado
1090 462 1134 545 τῷ
1155 451 1290 544 doside.
1305 464 1372 535 iilo

141 558 203 619 τεόν
226 545 333 618 ἄλλων
353 552 448 639 α’ρετῇ
467 556 659 638 προέχοντας
678 552 807 640 γράψας
824 556 1035 637 μοναζόντων,
1056 559 1155 622 idciro
1175 556 1230 620 καί
1236 564 1267 616 V.
1277 565 1329 636 ³7²

144 654 259 732 ου’ταῖν,
269 650 316 734 μη
333 655 484 739 περιορᾷν
502 649 537 717 τό
558 656 621 716 τεόν
640 650 872 738 χριστωνόμιυν
891 646 971 735 αἷμα
986 653 1136 737 χεόμενον
1154 656 1228 740 ὁση-

140 753 247 835 μέραι,
269 747 350 814 α’λλοὶ
376 752 468 834 ζῆλον
488 751 641 835 ἀληθείας
662 750 930 833 όποδνσαμὲνους,
951 750 1030 837 πρός
1051 749 1228 832 Βυζάντιον

122 846 317 935 όόφικέσθαι
348 854 412 914 κατ’.
426 853 575 932 βασιλίδα
596 849 724 930 διδάξαι
752 847 810 934 την
827 854 889 915 τοῖν
914 855 1131 936 πραττομένων
1152 855 1228 917 οἶτο-

139 953 237 1031 πιάν,
259 946 292 1013 εί
306 974 373 1025 πως
387 945 563 1034 ’πειθομένη
583 952 661 1033 γοῦν
682 950 801 1031 αὐτοῖς,
823 949 881 1035 την
900 955 1070 1036 νεμομένην
1083 952 1228 1036 τηνῬω-

138 1049 245 1132 μαίων
267 1047 433 1133 ἡγεμονίαν
454 1046 557 1134 ηιλόχα
576 1052 772 1137 κατασβέσῃ,
803 1051 836 1126 ἐξ
864 1052 1015 1132 οὐδεμιᾶς
1040 1048 1228 1137 προφάσεως

140 1243 243 1309 αὐτόν
271 1242 331 1328 γὰρ
353 1247 598 1331 ἐπιχειρήσαντα
622 1244 770 1322 πολλάκις
778 1298 787 1327 ,
819 1248 966 1332 ἤννκὲναι
993 1249 1095 1328 πλέον,
1109 1245 1225 1334 vitto,

102 1347 206 1410 ιοτῶν
226 1341 285 1426 την
300 1345 464 1424 Ῥωμαίων
485 1342 652 1429 ἠγεμονίαν
674 1338 749 1429 όρτι
770 1345 972 1411 διοικούντων
991 1346 1070 1431 πρός
1089 1351 1149 1429 μὲν
1167 1346 1226 1431 τήν

139 1445 314 1524 πρεσβείαν
332 1446 432 1526 μηδὲν
454 1437 721 1527 ἀποκρινομένων,
751 1443 826 1522 τούς
846 1448 992 1531 πρέσβεις
1012 1448 1048 1511 δὲ
1066 1443 1162 1528 μόνον
1180 1442 1257 1511 οό-Ῑ)

142 1537 268 1622 μότατα
287 1544 488 1622 αἰκιζομένων
508 1546 564 1607 κατ’
581 1545 687 1608 πᾶσαν
707 1544 873 1629 παροινίαν
888 1545 1131 1627 ἐνδεικνυμένων
1144 1544 1225 1631 πρὸς

144 1633 261 1714 αότοός
272 1639 328 1703 καί
337 1647 512 1705 τελευταῖον
526 1644 561 1705 ἐν
587 1644 808 1726 δεσμωτηρίοις
821 1643 1013 1724 κατεχόντων
1026 1640 1089 1707 sind
1101 1649 1224 1718 κλοιοῖς.

142 1735 167 1804 ό
196 1735 227 1801 οἱ
252 1741 287 1802 ἐν
299 1730 390 1825 Ἀθιρ
422 1733 608 1822 ἀναγνόντες
626 1738 683 1803 καί
701 1736 921 1826 προσήκουσαν
942 1741 1047 1817 αὐτοῖς
1065 1740 1124 1825 τὴν
1142 1738 1223 1827 ὑπὲρ

102 1843 203 1907 νότιόν
223 1836 372 1904 τοιούτων
386 1838 594 1923 σπουδηνκαί
612 1839 796 1923 προθυμιόιν
820 1842 988 1925 οἰηθέντες,
1011 1833 1062 1905 οἷα
1084 1838 1122 1924 δὴ
1143 1841 1222 1926 ὑπὲρ

135 1941 191 2021 τῆς
218 1941 326 2019 κοινῆς
347 1939 502 2021 ω’φελείας
520 1940 691 2021 ἐσομένην,
719 1941 776 2002 καδ
802 1935 1039 2024 παραθηξαντες
1059 1938 1223 2023 ἀλλήλους,

137 2037 171 2100 ἐκ
199 2036 329 2101 πόντων
357 2031 417 2116 ό,τε
449 2040 572 2120 πρῶτος
601 2038 772 2119 ε’κλεχέντες
792 2036 915 2117 Ἰσαάκ,
951 2037 1029 2121 ἄνηρ
1049 2038 1151 2120 τίμιος
1171 2037 1227 2103 καί

137 2135 251 2220 ἀρετῆς
271 2138 317 2212 εἰς
337 2128 619 2220 όκρονέληλακιός,
641 2138 696 2199 καί
715 2135 733 2199 o‘
753 2140 808 2220 τῆς
817 2136 954 2219 Λαόρας
966 2135 1132 2220 ἡγούμενος
1144 2141 1224 2201 Μα-

137 2230 269 2318 κόριος,
291 2236 347 2297 καί
365 2237 463 2318 ἕτεροι
482 2236 546 2299 τῶν
565 2234 647 2299 κατὰ
669 2231 703 2298 τό
727 2225 801 2318 όρος
821 2236 1071 2319 φροντιστηριλυν
1089 2234 1225 2318 ἡχουμέ·

100 2359 199 2404 κανων
230 2332 288 2398 six
321 2333 435 2417 ὀλίγοι·
488 2332 550 2400 σόν
570 2333 695 2410 τοότοις
724 2335 759 2399 δὲ
779 2333 836 2398 καί
854 2328 871 2398 ό
890 2334 995 2421 χρόνῳ
1018 2330 1147 2418 ὕστερον
1167 2335 1224 2417 τῆς

139 2435 173 2500 ἐν
193 2434 530 2500 Κωνσταντινουπόλει
551 2432 711 2518 ἐκκλησίας
726 2432 923 2518 πατριάρχης
943 2431 1091 2516 γεγονώς,
1113 2433 1157 2509 εἰς
1169 2431 1224 2498 τόν

138 2531 249 2614 ἱερέων
268 2530 317 2597 ἔτι
337 2527 407 2596 τότε
426 2531 526 2617 χορόν
546 2537 644 2597 τελῶν
667 2531 858 2614 Κάλλιστος,
875 2535 930 2598 καί
948 2532 1066 2615 Σαβάς,
1089 2529 1124 2609 ὃς
1143 2529 1322 2618 nodedi&

138 2633 177 2716 τῇ
197 2632 394 2695 Βατοπεδίου
413 2634 493 2717 μονῇ
513 2628 568 2696 τόν
588 2629 755 2714 ἀσκητικὸν
775 2624 854 2714 ἤνυε
877 2629 992 2714 δρόμον
1010 2634 1066 2695 καί
1092 2628 1226 2706 πολλοός

140 2727 224 2815 ὑπὲρ
247 2723 359 2816 όρετῆς
380 2733 435 2795 καί
453 2730 655 2813 θαυμασίους
675 2729 854 2811 ἐπεδείξατο
882 2728 1017 2815 ἆμῶνος,
1037 2732 1083 2808 εἰς
1096 2726 1226 2809 Βυζόν-

139 3000 253 3056 quoqoe
268 3000 382 3056 rogans,
397 3003 433 3038 ne
454 2984 640 3039 Christianum
658 2990 816 3056 sanguinem
841 2984 966 3059 quotidie
988 2982 1068 3036 fundi
1089 2984 1224 3047 sinerent,

139 3058 188 3109 sed
206 3056 330 3108 veritatis
347 3057 435 3110 zelum
453 3065 645 3126 capessentes,
663 3058 824 3125 Byzantium
842 3075 871 3111 se
889 3054 1045 3108 conferrent
1062 3061 1090 3105 et
1106 3057 1225 3123 impera-

139 3130 236 3180 tricem
254 3143 337 3197 quam
361 3127 473 3195 indigus
497 3128 703 3191 factitarentur,
731 3130 893 3182 edocerent:
924 3126 947 3176 si
971 3123 1084 3175 sortasse
1110 3123 1145 3174 ab
1168 3123 1225 3174 iilis

138 3197 236 3250 saltem
253 3195 289 3247 at
312 3196 446 3248 flammam
468 3200 612 3266 imperium
635 3201 784 3252 Romanum
806 3198 981 3251 devorantem
1005 3193 1225 3261 restinguendam

138 3267 336 3330 adduceretur,
353 3284 433 3338 quarn
451 3286 507 3321 non
524 3271 616 3339 aliqua
638 3285 717 3322 causo
739 3269 878 3338 legitima,
904 3265 953 3320 sed
969 3280 1059 3317 merse
1077 3262 1228 3334 sycophan-

139 3338 195 3389 tiae
211 3344 241 3389 et
257 3337 471 3392 obtrectationes
484 3343 674 3395 suscitassent:
693 3339 768 3411 quod
783 3343 842 3411 ipse
858 3341 1017 3410 frequenter
1034 3335 1111 3387 irrito
1127 3340 1226 3385 conatu

139 3410 303 3469 willerii,
322 3425 401 3471 tum,
429 3410 478 3479 qui
502 3427 575 3461 nunc
592 3409 774 3479 gubernacula
802 3418 935 3472 teneant,
967 3407 1062 3473 legatia
1085 3403 1157 3455 nihil
1180 3420 1227 3456 re·

189 3478 320 3540 ndentes,
338 3479 526 3532 crudelissime
544 3496 590 3533 eos
608 3481 745 3550 pulsarint
772 3489 801 3531 ot
827 3482 901 3534 omni
927 3477 1083 3550 petulantia
1108 3475 1137 3526 in
1162 3473 1226 3525 illos

158 3548 300 3602 ebacohati
328 3551 385 3601 rint
407 3566 438 3601 ao
462 3558 598 3618 postremo
623 3554 741 3604 vinculis
764 3559 793 3604 et
818 3550 919 3604 carceri
945 3546 1117 3602 tradiderint.
1153 3544 1227 3597 liaeo

139 3619 188 3670 nbi
207 3618 335 3671 monachi
352 3618 425 3690 apud
441 3621 512 3673 Atho
529 3623 668 3690 legerunt,
686 3624 715 3674 in
729 3622 846 3685 talibus,
865 3630 897 3675 ut
913 3638 962 3691 pro
976 3615 1114 3669 communi
1127 3616 1225 3677 aalide,

138 3689 243 3740 nodam
260 3687 316 3740 ribi
332 3692 484 3741 molestiam
504 3691 678 3744 recusandam
698 3701 875 3759 censuerunt;
902 3699 930 3744 et
947 3690 1042 3742 mutuo
1070 3703 1099 3738 se
1126 3701 1226 3737 exacu-

139 3768 220 3811 eroat
237 3759 375 3831 electique
395 3778 429 3812 ex
448 3762 594 3826 omnibus,
615 3763 740 3833 princeps
761 3764 894 3825 isaacius,
916 3763 958 3813 nir
974 3756 1138 3812 venerahilis
1153 3772 1227 3808 sum·

138 3845 238 3898 meque
257 3832 402 3883 sanctitate
419 3832 577 3900 praeditus,
595 3841 623 3884 et
640 3835 743 3887 Laurae
762 3834 934 3901 praefectos,
958 3829 1109 3892 Macarius,
1128 3833 1157 3876 et
1176 3824 1225 3877 alii

140 3901 270 3967 deinceps
296 3903 520 3953 monasteriorum
544 3902 580 3954 ud
605 3912 725 3955 montem
753 3904 831 3955 illum
855 3901 1006 3973 praepositi
1036 3916 1092 3951 nou
1124 3896 1224 3964 pauci3
1308 3918 1315 3925 -

139 3985 200 4021 oum
226 3968 270 4020 his
295 3971 378 4022 etiam
396 3971 534 4036 Callistus,
550 3973 600 4044 qui
628 3982 721 4040 postes
746 3971 1067 4041 Constantinopolitanae
1095 3966 1225 4018 ecelesiae

140 4038 354 4108 patriarchatum
372 4043 455 4111 gessit
474 4052 503 4094 et
520 4052 578 4095 tum
598 4044 688 4096 adhuc
705 4046 734 4096 in
754 4041 939 4095 sacerdotibus
959 4038 1170 4101 numerabatur3
1197 4041 1227 4087 et

142 4109 242 4174 mi>
262 4112 310 4180 qui
329 4112 360 4161 in
377 4114 527 4182 Batopedio
545 4116 707 4167 monasterio
727 4114 870 4184 religiosae
888 4115 961 4164 vitae
985 4108 1105 4163 studium
1128 4105 1227 4156 ‹locor-

142 4178 235 4243 rebat,
257 4181 399 4252 multaque
423 4192 452 4235 et
476 4187 582 4254 egregia
601 4202 650 4256 pro
674 4188 777 4238 virtute
796 4183 942 4236 certamina
969 4177 1151 4248 suscipiebat,
1175 4174 1226 4238 hi,

142 4248 277 4319 imi¹¹¹¹¹²s
305 4251 406 4305 deiecti
428 4254 589 4322 Byzantium
604 4261 756 4320 venerunt,
782 4269 899 4326 cumque
917 4248 1090 4324 imperatrice
1120 4253 1151 4299 et
1176 4260 1226 4316 ρι-

179 4352 387 4413 cononum
406 4356 445 4414 tn
997 4352 1030 4420 ¹4
