2934 4700
462 295 745 363 uraroarauuu
775 301 830 361 ru.
852 299 904 368 aa.
1154 272 1237 357 223

156 449 299 536 ἀδελφῆς
332 449 390 512 τοῦ
417 448 544 534 πρῶτον
575 449 642 514 τῶν
663 442 893 532 notor-ulrum
915 448 1070 531 βασιλέως
1102 447 1307 533 Μιχαῆλλάὶ
1321 462 1386 534 1342

154 551 208 633 τῆς
228 547 376 633 Μάρθας
397 550 727 633 προσαγορευομένην,
763 550 797 613 ἐν
817 557 882 623 τοῖς
912 546 1066 637 πατρῴοις
1085 553 1241 635 κατέθηκε

154 648 277 733 τάφοις.
316 643 427 711 ἔπειτα
448 647 568 711 ἐκεῖθεν
587 644 668 731 πρός
690 648 844 730 βασιλίδα
866 645 1110 734 ἀναστρέψασα,
1139 644 1241 732 ἀπήγ-

153 753 235 830 γειλε
255 744 313 832 τὴν
335 744 483 829 ἀμότητα
506 745 563 810 καί
581 750 639 829 τὴν
658 747 891 832 ἀπανθρωπίαν
908 746 971 812 τῶν
990 743 1173 830 ἀρχόντων,
1195 743 1235 831 ἣν

135 846 228 932 turoi
247 849 369 930 ἐκείνην
387 848 580 922 ἐνεδείξαντο
602 837 680 931 ἀχρι
704 848 860 930 τελευτῆς.
900 843 922 931 ἦ
954 846 983 909 δ’
1001 840 1106 929 ὅρκοις
1135 847 1236 928 διεβιυ

152 949 303 1029 βαιοδτο,
324 946 425 1029 μηδὲν
445 947 562 1009 εἰδέναι
584 948 648 1009 τῶν
666 946 885 1030 γεγενημένων,
907 941 990 1029 αλὴν
1009 934 1066 1010 ότι
1079 943 1331 1031 cibyratarum

151 1045 379 1130 προσετέτακτο
399 1044 474 1128 παρ’
493 1039 609 1128 αότῆς,
644 1043 848 1128 κατεγινωσκέ
879 1068 913 1110 τι
937 1042 991 1109 καί
1018 1043 1101 1129 αάτὴ
1122 1046 1238 1131 πολλὴν

151 1141 282 1209 ἐκείνων
300 1139 357 1225 τὴν
378 1139 540 1226 ἀπήνειαν.
559 1141 638 1224 μετά
663 1145 699 1208 δὲ
713 1139 771 1228 τόν
792 1144 912 1229 ἐκείνης
933 1143 1083 1228 τελευτὴν
1099 1142 1137 1210 τό
1157 1144 1239 1230 χρή-

151 1268 241 1324 ματα
262 1243 380 1328 ἐκείνης
397 1265 431 1305 τε
451 1240 507 1306 καὶ
525 1245 582 1307 τοῦ
598 1241 676 1307 υἱοῦ
708 1245 891 1328 διηρευνάτο
911 1243 966 1308 καί
995 1242 1093 1309 πολλοὶ
1114 1246 1239 1312 ἐκείνων

114 1343 371 1426 ιοέξευράνκετυ,
393 1336 533 1421 μάλιστα
555 1342 585 1405 δ’
605 1335 727 1406 ineat
746 1339 942 1427 πατριάρχης
962 1339 1041 1408 κατά
1064 1348 1132 1409 τῶν
1149 1342 1241 1428 ἐχόν-

152 1464 219 1504 των
239 1442 357 1518 ἐξεῖπεν
376 1437 573 1526 ἀφορισμὸν,
604 1437 641 1505 ὃν
661 1435 745 1523 εἶχεν
764 1436 871 1525 ῶσπερ
892 1439 961 1506 τινὰ
982 1439 1161 1529 δορυφόρον
1171 1451 1241 1520 ταῖς

155 1535 351 1622 παρανόμοις
371 1541 559 1620 ἐπιθυμίαις
578 1535 695 1615 πόσαις
725 1538 859 1620 όξότατα
885 1539 1111 1626 ὑπηρετοῦντα.
1152 1536 1188 1608 όν
1210 1540 1241 1608 οἷ

154 1640 267 1702 πολλοί
283 1640 346 1703 τῶν
363 1636 501 1722 ἐχόντων
522 1640 687 1719 δείσαντες,
709 1642 856 1726 φέροντες
876 1636 917 1703 τό
939 1640 1159 1726 φυλαττόμενα
1180 1667 1242 1707 σα·

155 1746 282 1825 ρεῖχον·
303 1735 334 1802 οἱ
354 1740 390 1803 δὲ
411 1740 466 1804 καί
485 1736 528 1813 ῶς
548 1735 637 1821 παρά
659 1741 748 1822 δίκην
765 1741 929 1822 γινομένου
951 1743 1240 1826 καταφρονοῦντες,

114 1841 233 1916 :satore
249 1842 309 1919 μὲν
327 1846 488 1922 κατεῖχον,
508 1836 614 1925 χρόνῳ
642 1839 677 1903 δὲ
701 1835 835 1922 ὕστερον
868 1834 931 1901 ἀπό
962 1842 1024 1903 τῶν
1052 1839 1240 1907 συνειδότων

22 1919 31 1938 ‘
150 1934 335 2023 μηνυόμενα
367 1938 468 2002 πάντα
497 1936 661 2020 ἀναλῶθη.
703 1932 788 2000 οὕτω
810 1938 846 2001 δὲ
865 1929 947 2024 ἦσαν
970 1945 1102 2003 πλείστα
1124 1937 1164 2004 τό
1187 1944 1263 2020 ἐξ·Β

151 2032 380 2125 ευρισκόμενα,
406 2032 498 2118 ῶστε,
519 2035 620 2100 καίτοι
639 2037 761 2099 πολλῶν
779 2033 862 2100 ariaci
878 2033 1030 2122 πρότερον
1047 2044 1240 2124 συμμεριζο·

152 2139 279 2218 μόνων,
308 2137 365 2199 καί
394 2130 433 2200 τά
460 2138 521 2217 μὲν
550 2134 744 2200 Ἀποκαόκου
765 2136 821 2200 τοῦ
844 2135 981 2218 μεμάλου
1004 2135 1117 2212 δουκός
1137 2164 1238 2221 παρα·

151 2238 337 2318 κατέχοντος
349 2284 359 2317 ,
381 2236 470 2318 ἕτερα
492 2236 527 2299 δὲ
550 2237 580 2299 Γ
578 2237 684 2315 αβαλιῖ
703 2231 760 2298 rori
781 2240 1042 2319 πρωτοσεβαοτοῦ
1052 2288 1061 2317 ,
1086 2238 1240 2323 (κάκεῖνος

111 2335 212 2422 myrin
235 2335 404 2420 συνάρχων
426 2336 470 2422 τῷ
485 2334 610 2423 μεχάλιρ
639 2332 730 2399 δουκό
748 2331 789 2400 τό
810 2333 898 2400 κοινά
927 2336 1033 2425 διῴκει
1065 2336 1121 2402 καί
1138 2338 1238 2419 μεοά·

155 2436 221 2515 ζων»
237 2432 379 2517 βασιλίδι
399 2424 473 2519 ἧν,)
504 2432 560 2497 καί
580 2429 744 2515 Κιννάμου
765 2436 824 2498 τοῦ
844 2438 999 2515 μυστικοῦ
1019 2439 1083 2502 τῶν
1114 2442 1238 2520 βασιλι-

153 2537 218 2599 κῶν
235 2530 407 2618 χρημάτων
427 2530 496 2598 τότε
514 2538 628 2615 ταμίου
652 2526 741 2610 ὄντος
752 2584 763 2616 ,
777 2535 833 2598 καί
852 2539 974 2600 πολλῶν
993 2531 1109 2623 ἑτέρων
1130 2533 1238 2601 airoi-

151 2658 238 2717 χων,
259 2635 292 2698 οἳ
307 2632 602 2717 παρεδυνάστευον,
637 2626 723 2715 ὅμως
751 2636 786 2700 ἐκ
806 2637 868 2699 τῶν
889 2632 1141 2719 ἀπολειπομένων
1161 2639 1238 2702 ἀνα-

137 2733 329 2816 ’λιόκοντες,
352 2730 408 2799 τόν
439 2730 519 2820 πρὸς
550 2735 682 2815 βασιλέα
714 2730 852 2816 πόλεμον
879 2733 1109 2822 συνεκρότουν·
1139 2732 1239 2815 οότως

152 2970 254 3025 aaroria
272 2971 384 3040 inquam
401 2968 547 3024 Michaelia
569 2968 652 3039 primi
681 2968 851 3040 Palaeologi,
878 2970 1001 3024 Marthae
1027 2970 1183 3042 appellato,
1209 2974 1238 3027 in

151 3047 268 3112 palerna
290 3047 467 3094 monumento
491 3041 653 3109 composuit.
689 3037 796 3092 Deinde
816 3041 963 3110 Augustam
980 3041 1095 3106 adiana,
1118 3043 1238 3095 crudeli-

150 3121 235 3165 tatem
255 3111 431 3163 inhumanam
450 3111 607 3163 archontum
626 3109 777 3173 nuntiavit,
804 3128 858 3181 qua
877 3112 984 3164 ineam
1006 3129 1092 3182 araque
1112 3114 1146 3165 ael
1165 3130 1237 3165 mor·

152 3191 208 3236 tem
226 3182 397 3240 aaeviiraent,
421 3181 471 3235 lila
490 3184 577 3233 Deum
594 3180 777 3251 bomineaque
793 3182 901 3243 testari,
914 3182 987 3234 nihil
1004 3182 1100 3235 borum
1112 3200 1141 3234 ae
1154 3185 1237 3237 scire:

152 3250 342 3307 tantummodo
361 3252 472 3305 iaaaiaae
498 3250 527 3302 in
546 3267 676 3303 carcerem
697 3250 775 3314 dari,
801 3258 829 3302 et
855 3266 948 3304 eorum
974 3251 1118 3305 barbaram
1145 3253 1238 3307 ferita-

154 3330 207 3376 tem
226 3325 285 3394 ipaa
304 3326 414 3394 qao‘que
431 3322 573 3375 exaecrari.
608 3320 763 3374 Secundum
780 3320 886 3373 obitum
906 3324 973 3382 eiua,
992 3324 1041 3376 filii
1075 3324 1171 3375 ecunia
1192 3326 1237 3376 in·

150 3395 248 3463 dagata
268 3402 298 3446 et
314 3394 410 3462 ingena
434 3394 545 3444 inventa
567 3400 616 3444 eat
653 3391 727 3461 Quia
755 3391 828 3444 enim
850 3393 1004 3461 patriarcha
1027 3341 1154 3446 τδόετιοι
1177 3410 1236 3447 earn

150 3470 287 3517 aervanter
305 3462 559 3516 anathematismum
576 3460 739 3523 vibraverat,
757 3470 853 3531 (quem
870 3462 947 3531 volut
963 3465 1118 3517 ministrum
1136 3482 1168 3517 ao
1190 3483 1238 3518 ra·

148 3536 267 3589 tellitem
288 3533 430 3605 quemdam
450 3533 588 3586 aceleratia
606 3530 804 3603 cupiditatibua
819 3534 876 3586 auia
894 3534 1021 3587 omnibua
1036 3538 1237 3606 promptiaaime

150 3606 343 3658 insanientem
363 3602 506 3674 habebat,)
523 3620 584 3656 euna
603 3605 683 3656 multi
700 3611 868 3666 metuentea,
887 3605 1050 3658 custoditam
1068 3623 1084 3656 a
1104 3624 1132 3659 ae
1150 3625 1236 3678 pecu·

150 3679 223 3728 niam
244 3675 404 3730 afferebant.
437 3674 493 3727 Atia
511 3672 564 3726 boe
591 3673 694 3727 fulmen
711 3674 788 3728 velut
811 3675 944 3728 inlautum
972 3674 1171 3747 despicientes,
1189 3681 1236 3730 in-

149 3747 231 3797 terim
253 3746 427 3809 retinebant,
453 3744 541 3798 donee
558 3759 573 3796 a
592 3746 708 3797 eonaoiia
725 3744 834 3813 prodita
860 3745 1025 3818 penituaque
1054 3747 1182 3802 distracta
1207 3756 1237 3801 et

151 3815 301 3870 diatributa
318 3825 368 3871 eat.
404 3818 471 3869 Tam
490 3823 582 3869 antem
600 3815 810 3873 innumerabilia
829 3817 893 3878 iult,
912 3823 952 3877 ut,
996 3835 1137 3889 uunquam
1155 3818 1236 3872 multi

150 3902 208 3939 eam
229 3890 302 3940 inter
321 3903 350 3940 aa
370 3888 539 3954 partirentur
556 3895 585 3939 et
603 3902 665 3955 para
676 3884 848 3954 Apoeauebo,
866 3901 962 3954 magno
975 3835 1053 3950 ιδυσί,
1071 3889 1236 3959 obtingeret,

149 3972 209 4026 para
228 3957 351 4011 Gabalae
369 3958 569 4027 protoaebaato,
588 3957 663 4027 (nam
681 3965 711 4010 et
732 3961 756 4007 ia
773 3956 935 4026 Apooeuebo
955 3959 1057 4012 eratin
1077 3961 1235 4030 republica

149 4028 268 4094 regenda
295 4029 385 4081 aoeiua
402 4036 432 4081 et
448 4029 628 4100 imperatricis
648 4029 729 4079 aulae
749 4026 902 4097 praefectur
926 4029 983 4079 aive
1010 4034 1144 4099 aurator‚)
1172 4046 1234 4100 para

151 4095 301 4161 Cinnanae,
319 4099 413 4151 comiti
432 4115 566 4152 aacrarum
585 4099 778 4167 largitionum,
796 4097 945 4170 multiaque
963 4100 1075 4169 insuper
1093 4099 1236 4161 eunuchia,

70 4192 74 4205 ·
151 4168 200 4234 qai
219 4170 303 4221 aimul
322 4168 548 4230 dominabantur,
571 4169 751 4222 nihilominus
768 4183 802 4221 ex
825 4167 940 4239 reliquia
957 4171 1105 4240 impenaana
1125 4172 1153 4221 iu
1173 4170 1236 4222 hei.

151 4235 208 4293 lan
236 4247 332 4296 eontm
351 4237 570 4295 Canumaenum
597 4239 753 4295 tolerarent.
790 4237 916 4293 Ceterum
939 4240 1096 4310 imperatrix
1118 4242 1236 4295 multum
