2934 4700
480 305 762 379 nrsronraaora
792 310 847 372 ιιι.
889 315 939 381 aa
1184 277 1244 394 93

162 458 315 539 βασιλίδα
344 455 495 542 προσθείς
519 466 585 536 τοῖς
603 453 722 544 ὅρκοις,
750 454 828 544 iii}
851 458 1031 543 ἀλλοδαπῆς
1050 457 1146 550 dirior
1166 455 1394 546 uod-Midili

161 577 256 639 τερον
276 556 434 642 α’φιγμένη
454 558 512 621 καί
529 556 652 640 δλίγους
673 555 793 640 ἔχουσα
808 558 974 638 Ῥωμαίων
988 556 1063 636 τούς
1082 559 1164 643 διιὲρ
1186 560 1248 625 ud-

160 655 217 738 τῆς
236 659 485 739 βουλησομένους
506 653 768 738 διακινδυνεύειν,
790 656 907 744 ῥηιδίως
928 655 1054 739 ἔμελλεν
1076 661 1165 745 αίτῷ
1184 685 1248 726 αα-

164 757 367 839 ραχιορησειν
385 759 440 839 τῆς
461 756 574 839 άρχῆς.
615 752 843 838 συνεβούλευόν
870 779 921 837 τε,
943 756 988 842 μὴ
1009 761 1144 824 τοιαῦτα
1164 757 1248 843 γινά-

142 860 244 936 5μενα
263 855 437 942 περιορᾷν,
461 853 543 919 ἄλλά
566 858 690 941 σπουδῇ
703 857 804 944 πολλῇ
816 857 873 919 καί
882 859 1046 947 προθυμίη
1057 854 1115 944 τὴν
1126 860 1248 925 έκείνου

162 949 334 1019 καταλύειν
358 951 494 1036 δύναμιν
501 1005 512 1036 ,
540 954 752 1020 διδάσκουσαν
779 958 912 1037 βασιλέα
931 953 986 1020 ιὸν
1006 954 1096 1040 υἱόν,
1117 957 1160 1035 ὥς
1178 956 1250 1024 ἔντι-
1327 963 1332 972 ’

163 1051 290 1137 βούλιος
318 1057 375 1118 καί
401 1052 582 1138 κακούργως
612 1058 794 1139 διανοηθείη
822 1058 897 1141 περί
925 1059 980 1139 τῆς
1007 1056 1107 1141 α’ρχῆς
1128 1060 1250 1124 ἐκεινου

162 1154 390 1234 Ιτελευτῶντος,
416 1156 472 1219 καί
495 1156 551 1220 νύν
572 1154 667 1218 οὐδὲν
686 1143 779 1237 ἦττον
798 1149 919 1230 πάντας
938 1153 1055 1221 πείσειε
1072 1153 1249 1240 Ῥωμαιόυς

166 1245 254 1339 αύτῷ
272 1254 454 1336 προσέχειν,
485 1251 529 1328 ὥς
558 1252 765 1334 συμβαίνειν,
791 1259 922 1335 βασιλεῖ
945 1256 1006 1334 μέν
1037 1258 1280 1342 προσηγορίανῦ

127 1347 264 1434 ιομόνην
284 1348 366 1417 εἶναι
386 1352 579 1435 πραγμάτων
599 1349 741 1438 ἔρημον,
767 1349 848 1441 ἔργῳ
867 1355 903 1417 dt
922 1354 1039 1420 ἐκεῖνον
1055 1353 1249 1437 βασιλεύειν.

169 1447 305 1517 duritie
327 1460 453 1516 σκονιεδν
474 1449 625 1536 προσήκει
645 1448 692 1536 μή
721 1455 769 1527 είς
787 1447 942 1536 eoduma
960 1452 1053 1541 έκβῇ,
1081 1451 1163 1522 άλλά
1193 1453 1251 1540 την

170 1546 269 1635 ὁρμήν
303 1550 568 1634 νιροαναστέλλειν
601 1554 816 1636 καθαιροῦντα
854 1547 907 1616 τὸν
941 1543 1030 1634 άγκον
1062 1550 1118 1617 τάν
1151 1550 1252 1626 πολύν

169 1648 225 1714 καί
247 1645 524 1735 εδκατοιφράνηιον
550 1652 712 1714 ποιοῦντα.
752 1646 773 1734 ἦ
800 1652 860 1731 μὲν
889 1643 947 1715 ada
973 1650 1099 1733 βασιλίς
1127 1647 1253 1732 οἴκοθέν

167 1747 273 1816 τιδι’
297 1750 392 1834 ὀργῆς
412 1747 492 1834 πρὸς
511 1746 545 1814 ιδ
568 1746 755 1829 α’μύνασθαι
773 1748 830 1816 τὸν
846 1753 963 1832 μέγαν,
984 1750 1015 1815 εἰ
1033 1749 1183 1833 δύναιτο,
1198 1755 1253 1826 δο-

130 1852 314 1934 ιὸμέστικον
336 1845 505 1933 ὦρμημένη
531 1846 587 1912 καί
593 1843 657 1911 ¹airr'
686 1849 819 1916 ἐκείνων.
831 1850 976 1915 έιιιπλέον
995 1851 1189 1938 έξαφδειλτα,
1206 1852 1254 1930 οἷς

166 1945 234 2034 εἶχε
262 1944 407 2031 τάχους,
442 1944 520 2031 πρὸς
550 1950 684 2030 βασιλέα
705 1951 854 2033 γινομένη
883 1946 939 2014 τάν
967 1945 1056 2032 altit,
1088 1947 1253 2036 κατηγόρει
1301 2029 1307 2038 ι
1340 2019 1345 2034 ,

166 2052 225 2116 τοῦ
252 2050 392 2131 μεγάλου
412 2045 597 2127 δομεοτίκου
607 2097 618 2128 ,
648 2043 692 2123 ὦς
716 2050 949 2129 βασιλειῶντος,
967 2047 1023 2112 καί
1041 2050 1251 2131 συνεβούλευε

167 2149 387 2237 φυλάττεσθαι
421 2144 476 2212 τὸν
503 2137 634 2230 άνδρα,
663 2144 706 2221 ὥς
739 2145 798 2230 την
829 2137 956 2210 εύνοιαν
990 2144 1254 2233 διιοκρινύμενον,

168 2241 428 2332 α’γνωμονήσονια
456 2247 511 2326 δέ,
547 2241 587 2330 ἢν
619 2243 756 2329 λάβηται
784 2247 905 2331 καιρού.
947 2244 1098 2327 βασιλεύς
1118 2248 1155 2311 δέ
1174 2246 1255 2330 νιρὸς

129 2353 228 2432 maia
256 2348 407 2429 βασιλίδα
433 2343 489 2431 την
515 2346 640 2431 μητέρα
668 2342 768 2410 πολύν
791 2342 871 2425 aiulo
902 2342 1041 2430 μεγάλου
1072 2346 1254 2426 δομεστίκου

170 2443 341 2531 εἰιοιησατο
360 2444 415 2510 νύν
433 2444 543 2528 λόγον,
563 2438 765 2530 συκοφάντας
776 2443 834 2508 καί
843 2446 1059 2527 ψευδομένους
1071 2436 1256 2532 ducamini

170 2546 247 2622 τούς
267 2542 307 2609 τά
328 2547 458 2609 τοιαῦτα
478 2540 736 2629 κατηγορηκότος.
757 2539 861 2628 ιύσιιερ
883 2546 920 2608 δέ
939 2547 996 2609 καί
1013 2543 1116 2629 ἔργοις
1135 2549 1287 2627 idiloni)

170 2644 347 2730 Ικατάδηλον
369 2650 484 2725 ποιεῖν,
513 2639 563 2707 δτι
583 2639 754 2724 πλάσματα
771 2639 877 2727 ἡγοῖτο
896 2640 935 2708 τοὶ
954 2645 1103 2728 τοιαῦτα,
1135 2649 1257 2728 μάλλον

177 2829 215 2883 ad
243 2845 271 2881 ιο
296 2829 460 2882 attraxisset.
508 2826 613 2879 Annam
638 2825 786 2897 Augustam
807 2842 858 2897 pro
880 2830 1033 2885 valamento
1059 2846 1126 2885 aaae
1153 2830 1259 2884 iraudir

175 2898 353 2954 iurisiurandi
371 2898 505 2951 formulae
532 2897 697 2960 inseruisse,
731 2914 802 2968 quae
827 2916 862 2950 ea
883 2900 982 2952 tellure
1005 2904 1147 2971 peregriua
1173 2903 1258 2971 paulo

174 2980 240 3025 ante
264 2971 406 3023 advenerit
431 2975 460 3022 et
488 2983 588 3038 paucos
606 2966 708 3021 habeat
729 2970 880 3030 Romanos,
916 2971 964 3040 qai
989 2985 1018 3022 se
1043 2972 1171 3040 perieulis
1200 2974 1260 3024 eius

175 3058 254 3094 causa
276 3042 414 3094 obiectare
438 3038 551 3103 volent,
574 3054 605 3089 ac
630 3037 749 3108 proinde
777 3037 857 3090 facile
882 3038 924 3090 illi
943 3038 979 3089 im
1001 3041 1059 3092 erio
1083 3056 1190 3094 cessura
1214 3041 1261 3098 sit.

170 3108 298 3166 suadent
324 3113 417 3181 itaque
436 3127 472 3162 ne
490 3111 650 3173 connivent,
676 3108 724 3160 sed
742 3109 867 3160 manibus
890 3125 922 3161 ac
939 3057 1056 3178 periibus
1075 3112 1134 3162 eius
1160 3118 1261 3181 puten-

174 3186 241 3235 tiam
259 3182 423 3234 labefactare
448 3188 575 3232 conetur:
610 3178 734 3232 docendo
761 3178 952 3247 imperatorem
971 3179 1072 3243 lilium,
1097 3197 1163 3303 ηαιιε
1190 3178 1262 3230 insi-

175 3254 250 3317 dias,
277 3269 347 3323 quae
371 3251 473 3305 scelera
502 3250 629 3302 adversus
656 3249 801 3317 imperium
829 3252 887 3318 ipso
914 3257 1022 3303 mortuo
1046 3268 1098 3320 apu
1141 3251 1263 3303 animum

175 3324 343 3384 fabricetur,
369 3330 397 3375 et
416 3319 553 3391 quomodo
573 3319 662 3371 nihilo
681 3321 772 3370 minas
798 3320 881 3372 etiam
905 3336 979 3371 nnnc
1004 3321 1138 3373 Romanos
1166 3336 1261 3374 omncs

176 3395 212 3447 ad
229 3395 283 3448 sibi
303 3392 546 3461 obtemperandum
565 3388 699 3452 illexerit,
727 3396 759 3441 ut
785 3390 824 3442 ita
852 3391 1010 3459 imperatori
1034 3408 1134 3446 nomen
1156 3393 1261 3443 nudum

176 3473 205 3517 et
219 3482 335 3517 vacuum
353 3470 476 3523 maneat,
493 3463 552 3531 ipse
566 3475 648 3528 opere
665 3468 694 3511 et
710 3459 781 3511 lacto
795 3460 920 3532 imperet.
956 3460 1047 3531 Quare
1061 3478 1153 3515 cavere
1172 3463 1262 3525 illum,

176 3538 368 3605 imperatorem
387 3534 508 3603 inquam,
528 3537 664 3599 oportere,
681 3546 717 3583 ne
736 3530 804 3583 haec
822 3532 851 3583 in
868 3533 938 3583 mala
956 3532 1168 3586 immedicabilia
1185 3532 1263 3586 desi-

176 3616 259 3670 nant,
294 3611 323 3657 et
349 3603 461 3674 spiritus
487 3603 553 3653 istos
582 3608 645 3652 ante
679 3600 856 3669 comprimere
889 3609 1050 3674 tantumque
1072 3604 1172 3656 fastum
1198 3604 1264 3656 edo·

177 3694 251 3730 mare
265 3693 297 3727 ac
313 3673 509 3746 despicabilem
528 3671 652 3728 reddere.
689 3671 755 3738 Ergo
775 3671 816 3722 ira
839 3672 946 3724 ferreus
968 3675 1128 3743 imperatrix
1146 3680 1175 3727 et
1202 3690 1263 3727 cum

177 3764 226 3816 per
254 3762 283 3797 se
310 3745 346 3797 ad
372 3742 557 3796 ulciscendum
581 3756 707 3810 magnum
731 3741 925 3806 domesticum,
954 3744 978 3795 si
1001 3753 1111 3812 posset,
1133 3746 1263 3806 incitata,

177 3814 285 3869 tumab
302 3817 359 3868 illis
378 3815 493 3884 amplius
510 3811 691 3873 inflammata,
721 3814 938 3882 quamprimum
958 3815 1066 3882 potnit,
1093 3815 1150 3867 lilio
1177 3816 1265 3885 impe·

177 3896 268 3939 ratore
290 3893 440 3948 convento,
467 3900 592 3950 magnum
618 3882 813 3945 domesticum,
839 3891 871 3935 ut
891 3884 1027 3935 aemulum
1055 3885 1132 3955 regni
1156 3891 1265 3937 accusat

178 3966 207 4009 et
224 3956 259 4008 ab
277 3956 407 4020 homine,
435 3955 483 4026 qai
503 3954 651 4005 amicitiam
676 3951 825 4005 mentiatur
845 3953 1070 4025 occasionemque
1093 3964 1188 4007 nactus
1214 3972 1266 4022 ne-

178 4027 261 4081 iauda
278 4035 482 4097 perpetraturus
500 4026 552 4086 sit,
570 4021 719 4076 carendum
738 4029 838 4075 monet,
888 4026 1040 4094 Imperator
1064 4027 1156 4078 multis
1174 4025 1265 4076 verbio

180 4114 241 4150 eum
273 4098 346 4168 apud
371 4105 484 4150 matrem
511 4103 618 4156 tuetur,
641 4093 852 4146 calumniatores
871 4103 900 4147 et
922 4094 1065 4150 mendaces
1089 4095 1265 4166 pronuntiat,

180 4171 227 4239 qui
245 4169 326 4222 buius
342 4168 461 4220 criminis
480 4183 554 4218 reum
572 4164 684 4227 iaciant,
704 4164 838 4233 factisque
853 4163 920 4233 ipsis
934 4165 1135 4237 quodammodo
1148 4163 1265 4233 probare

181 4240 284 4305 rutena,
304 4254 333 4293 se
353 4241 406 4292 ista
423 4254 473 4308 pro
491 4234 593 4290 tabulis
608 4234 716 4300 ducere,
729 4234 833 4287 maiore
853 4252 933 4306 quam
947 4236 1060 4291 antebac
1072 4234 1267 4292 benevolentia
