2934 4700
469 284 475 301 ·
514 277 796 345 mmortranmr
825 281 879 342 ιιι.
899 281 952 348 οι.
1170 248 1253 362 397

180 459 241 513 σος
268 432 376 518 κόμας
404 433 619 517 πεποιημένα.
668 420 895 522 ᾆδιδασκάλρ
917 432 1107 515 κεχρημένος
1127 429 1182 495 ἐπί
1202 426 1405 513 vairhs-1348

178 532 332 619 τοιαῦτην
351 529 530 618 τετράφθαι
558 540 681 616 usipus,
710 532 767 594 καί
787 529 943 614 μηδεμιᾶς
968 526 1023 593 διὰ
1043 525 1156 612 ταῦτην
1178 522 1261 593 εἶναι

180 624 268 711 ῦξιος
299 633 412 711 αἰτίας,
433 632 464 695 ai
480 629 525 714 μή
552 628 726 712 δονάμονος
746 629 825 713 πρός
846 652 881 692 re
900 625 1082 711 βαρβάρους
1106 622 1187 708 ῦμοῦ
1205 626 1262 693 καί

175 732 356 813 Ῥωμαίους
379 727 638 810 ἀντιτάττεσθαι,
665 736 731 803 τοῖς
759 726 881 809 ὁμοίοις
906 728 961 790 καί
980 723 1075 801 αὐτὸς
1104 720 1259 808 ἐχρήσατο

159 828 372 914 δσνμμῦχοις.
419 825 442 892 ά
470 831 654 913 σονοροῦσαν
679 825 736 891 καί
763 822 863 909 αδτήν
887 824 931 899 ῦς
949 823 1035 889 δεινά
1065 823 1120 889 καί
1148 821 1205 909 τήν
1224 847 1260 888 τι

179 927 286 1014 δρχήν
317 928 555 1014 διαφθεροῦντα
575 929 631 992 καί
649 923 730 1009 πρὸς
748 921 783 990 τὰ
807 922 922 1005 μέλλον
940 924 1009 988 ἐκεῖ
1027 922 1184 1007 κριτήριον
1202 946 1261 1005 με·

178 1027 279 1111 γάλην
309 1023 433 1091 οἴσοντα
460 1021 517 1111 τήν
537 1026 726 1107 καταδίκην,
756 1024 788 1087 εί
814 1018 868 1085 διά
889 1023 1083 1106 φιλονεικίαν
1103 1022 1159 1086 καί
1178 1041 1261 1105 ψεα-

178 1126 245 1203 tar,
264 1124 477 1211 συκοφαντίας
508 1120 564 1188 καί
588 1119 739 1204 διαβολάς
758 1119 794 1185 τά
822 1122 1025 1204 Χριστιανῶν
1047 1113 1128 1202 αἷμα
1148 1126 1256 1207 προΐο-

177 1226 257 1308 μίαη
286 1224 431 1309 φαίνοιτο
449 1226 581 1304 χεῖσθαι
601 1219 663 1284 dud
688 1224 751 1285 τῦν
774 1219 964 1302 βαρβάρων,
994 1224 1162 1305 αιισθήναι
1180 1217 1291 1305 nodet

141 1320 234 1408 ιοτήν
253 1321 390 1408 εἰρήνην,
410 1322 485 1405 πρίν
505 1317 571 1384 dard
593 1314 845 1403 τῶνβαρβάρων
868 1341 897 1381 τι
921 1316 1131 1404 διεφθάρθαι.
1172 1341 1263 1404 περι·
1293 1384 1300 1403 Ι

177 1423 310 1504 μονοῦσι
328 1417 387 1505 γὰρ
404 1419 571 1502 Ῥωμαίων
590 1420 704 1483 ον’δδνα
724 1418 915 1499 α’δικσῦντες,
935 1409 1032 1500 ἄχρις
1056 1412 1264 1502 ἐπανήξοοσιν

179 1519 236 1584 καί
261 1517 292 1586 οἱ
320 1523 476 1603 πρέσβεις.
529 1515 565 1581 τά
590 1519 625 1581 δὲ
646 1518 700 1604 ἐφ’
722 1515 843 1591 ὁποίοις
866 1516 920 1580 δεῖ
934 1518 1100 1599 γενέσθαι,
1137 1516 1176 1580 nd
1206 1517 1265 1580 τοῦ

180 1617 336 1701 παρόντος
359 1612 441 1683 εἶναι
459 1619 572 1702 καιροῦ
593 1618 724 1701 δηλοῦν,
759 1611 829 1680 ἀλλ’
850 1617 881 1678 εἰ
897 1615 995 1697 μόνον
1017 1619 1169 1695 πείθοιτο,
1190 1617 1265 1699 πρί-

179 1720 267 1796 σβιις
289 1719 425 1797 adunare
445 1712 527 1801 πρδς
549 1713 660 1796 αδτῦν,
683 1717 717 1780 ot
734 1714 940 1795 διαλίξονται,
960 1707 1021 1780 dou
1042 1709 1084 1779 άν
1106 1706 1187 1799 adep}
1208 1710 1266 1777 καί

141 1810 360 1901 ιὸπατριάρχη
392 1814 449 1879 καί
474 1823 542 1890 τοῖς
561 1810 800 1898 ὑπολειφθεῖσιν
826 1811 875 1876 ἔτι
906 1815 969 1878 τῦν
992 1807 1184 1899 πραγμάτων
1206 1803 1265 1896 aip-

175 1932 272 1994 χονσι
292 1913 438 1992 βέλτιστά
459 1937 492 1977 τι
511 1908 594 1978 εἶναι
613 1915 691 1999 δοκῇ
712 1910 770 1974 καί
784 1915 1025 1977 λυσιτελέστατα
1037 1907 1175 1987 ἑαυτοῖς.
1207 1935 1264 1975 πε·

176 2012 321 2074 rosetum
334 2010 370 2076 δὲ
383 2010 495 2088 adria,
517 2010 563 2087 οῦς
577 2013 636 2076 τοῦ
649 2012 730 2075 θεοῦ
742 2006 883 2085 διδόντος
901 2013 1064 2095 χαίροντες
1076 2006 1265 2095 δπανήξονσι

70 2176 87 2192 ἡ
177 2105 233 2171 καί
253 2105 294 2171 τά
318 2112 398 2174 πᾶσι
418 2113 508 2198 κοινῇ
523 2105 692 2190 Ῥωμαιλιις
709 2110 892 2174 συνοίσοντα
906 2103 1159 2193 κατωρθωκότες.
1200 2131 1265 2172 τοι·

178 2204 262 2291 αῦτη
292 2210 353 2289 μὲν
383 2201 424 2293 ήν
452 2206 648 2293 ἧβασιλέιος
668 2211 726 2272 τοῦ
744 2210 1006 2292 Καντακοαζηνοῦ
1019 2207 1172 2290 πρεσβεία
1185 2207 1294 2290 πρὸςῦ

138 2299 287 2380 ςὸΑνναν
296 2305 355 2392 τήν
369 2308 532 2391 βασιλίδα.
570 2300 695 2392 Ἀμοῦρ
717 2308 753 2372 δὲ
774 2302 829 2371 καί
846 2303 941 2382 αὐτὸς
956 2308 1024 2395 ίδίρ
1038 2302 1266 2387 συνεβούλευεν

175 2402 310 2488 ἔχεσθαι
340 2407 397 2491 τής
429 2405 574 2492 εἰρήνης,
608 2403 652 2483 ὥς
679 2404 719 2471 τά
739 2408 872 2489 μέγιστα
891 2401 1127 2488 λνσιτελοδσης.
1167 2398 1266 2479 αῦτῦς

174 2503 236 2585 μὲν
260 2500 322 2588 γάρ
348 2505 405 2569 καί
421 2502 575 2593 πρότερον
601 2509 695 2593 φιλας
719 2500 802 2570 εἶναι
823 2509 953 2589 βασιλεῦ
967 2507 1013 2595 τῷ
1035 2504 1228 2583 Καντακονζ
1249 2539 1263 2554 ·

247 2692 287 2731 ιο.
305 2676 354 2727 καί
372 2674 435 2734 add
453 2674 490 2728 Μ.

175 2804 239 2857 loca
257 2803 305 2856 ilia
327 2802 478 2854 latrociniis
497 2804 702 2873 implevissent,
729 2805 825 2858 obvios
842 2805 941 2876 partim
960 2805 1142 2871 trucidantes,
1163 2807 1263 2876 partim

175 2875 296 2943 captivos
318 2871 486 2941 abripientes
514 2880 542 2924 et
571 2890 665 2926 omnca
692 2875 765 2925 vicos
790 2877 818 2925 in
838 2878 942 2928 cineres
962 2876 1124 2946 redigentes.
1150 2877 1189 2930 Eo
1206 2895 1262 2930 ma·

176 2945 263 3065 pistre
285 2960 315 2996 se
338 2944 395 2995 tate
419 2943 561 3012 quippiam
590 2946 725 3014 experiri,
749 2961 799 2995 uec
816 2946 924 3013 cuipam
943 2947 1123 3008 commereri,
1143 2947 1184 3008 si,
1200 2964 1262 2998 cum

197 3016 301 3066 arbaris
325 3022 353 3065 et
378 3015 503 3065 Romanis
528 3013 610 3065 simui
630 3015 757 3067 resirtere
776 3032 832 3066 nou
852 3017 955 3083 possit,
974 3017 1078 3067 simites
1098 3023 1127 3067 ct
1143 3016 1203 3085 ipse
1217 3033 1262 3068 so·

175 3087 233 3136 otor
263 3081 400 3136 asciverit.
441 3085 519 3154 Quae
544 3085 674 3153 quoniam
697 3094 727 3137 et
751 3084 811 3153 ipra
835 3085 971 3152 intelligat
995 3101 1077 3155 qnam
1103 3087 1206 3137 atrocia
1232 3092 1261 3136 et

173 3154 289 3223 irnperio
313 3153 444 3222 pestifera
470 3168 606 3226 quamque
631 3171 737 3225 gravem
761 3153 960 3207 damnationem
992 3158 1018 3206 ei
1045 3153 1119 3225 apud
1138 3155 1261 3206 tribunal

173 3222 244 3275 iilud
271 3225 386 3275 allatura
412 3227 487 3286 sint,
511 3223 535 3274 si
561 3241 623 3277 nem
645 3240 659 3275 e
683 3233 794 3295 propter
818 3225 1021 3280 contentionem
1051 3225 1188 3294 salsasque
1213 3240 1260 3276 ca-

174 3293 294 3345 lumnias
316 3302 345 3346 ct
372 3294 586 3348 obtrectationes
619 3242 835 3346 dhrtsrianornm
863 3295 1021 3364 sanguinem
1043 3294 1196 3347 aharbaria
1216 3293 1262 3345 ci·

174 3361 253 3414 thurii
284 3365 420 3431 patiatur,
445 3363 480 3418 ad
507 3380 601 3434 pacem
631 3365 734 3417 inflecti
753 3364 875 3427 dehere,
893 3370 968 3435 prius
990 3382 1052 3417 uam
1070 3366 1206 3436 pernicies
1225 3364 1261 3416 ab

176 3431 234 3482 iilis
264 3433 441 3503 importetur:
466 3435 598 3506 tantisper
626 3436 701 3487 enim
727 3435 798 3488 nulii
829 3438 948 3487 Romano
970 3383 1101 3488 dilaturos
1119 3437 1260 3498 iniuriam,

176 3500 242 3553 dum
263 3504 343 3573 iegati
364 3512 540 3558 revertantur.
558 3506 589 3556 ln
608 3522 674 3576 qrras
691 3521 771 3574 porro
789 3505 961 3558 conditiones
981 3522 1075 3574 pacem
1097 3506 1155 3557 fieri
1175 3522 1260 3575 oper-

175 3577 248 3634 tcat,
277 3588 333 3624 non
356 3590 414 3627 ease
437 3577 587 3645 praesentia
606 3576 736 3647 temporis
756 3575 900 3628 indicaret
926 3574 975 3627 scd
1000 3577 1023 3627 si
1051 3576 1131 3629 ruodo
1149 3576 1262 3629 inducat
1330 3643 1332 3646 Ι

171 3644 205 3694 'in
230 3643 352 3694 animum
374 3661 423 3713 per
446 3646 548 3715 legatos
572 3646 608 3697 ad
633 3663 662 3697 re
688 3646 783 3697 missos
811 3662 946 3714 exponere
975 3646 1036 3708 rtet,
1056 3662 1126 3718 quae
1155 3646 1203 3699 ilia
1232 3654 1261 3699 et

173 3711 334 3835 petriarcha
360 3716 496 3785 ceterique
516 3713 665 3767 Archontes
688 3723 719 3766 ut
736 3716 839 3784 optima
859 3725 943 3786 atque
962 3717 1179 3769 commodissima
1197 3734 1262 3786 pro·

194 3792 258 3846 cnt,
275 3783 410 3835 confidere
427 3801 471 3849 se,
491 3799 537 3837 eos
555 3785 649 3837 divino
667 3802 781 3837 munere
816 3802 878 3837 com
902 3786 1000 3856 gaudio
1026 3787 1195 3848 reversuros,
1220 3787 1262 3838 ie·

173 3847 266 3907 liciter
293 3853 443 3917 coniectis,
463 3871 541 3976 gnae
566 3858 692 3908 Romania
715 3853 841 3907 omnihus
871 3856 899 3907 in
925 3871 1068 3908 commune
1093 3858 1259 3910 conducant.

133 3973 136 3980 ,
174 3922 369 3976 Huiuscemodi
392 3923 446 3976 fuit
485 3926 643 3977 antaeuaeni
663 3924 697 3976 ad
716 3927 820 3976 Annam
839 3925 1034 3993 imperatricem
1055 3927 1259 3997 iegatio,quanr

176 4009 297 4045 seorsum
323 3994 451 4045 Amurius
483 4010 594 4065 quoquc
617 3996 794 4054 hortabatur,
820 3995 861 4045 uti
887 4012 978 4064 pacem
1014 3999 1169 4066 acciperet,
1202 4015 1258 4066 quo

175 4062 247 4114 nihii
273 4071 367 4132 porset
390 4063 478 4115 iacere
498 4065 601 4117 utilius.
639 4063 706 4115 Nam
725 4073 753 4115 et
771 4064 826 4115 aiio
848 4066 875 4114 ui
901 4066 1026 4133 pluribus
1053 4066 1155 4118 abhinc
1180 4066 1259 4116 anuis

175 4131 230 4183 sthi
253 4150 313 4184 curn
340 4133 527 4187 Cantacaaeno
551 4136 697 4188 amicitiam
724 4083 908 4194 intercedere,
928 4137 955 4186 in
975 4137 1050 4188 cuius
1069 4136 1182 4203 gratiam
1202 4137 1257 4185 An·

174 4201 287 4257 drouico
306 4204 463 4274 imperatori
482 4219 538 4258 non
553 4206 640 4259 solum
658 4205 734 4258 helio
752 4213 847 4257 contra
864 4206 1010 4258 Phocaeam
1031 4207 1166 4258 auritium
1184 4206 1257 4258 tute·
