2934 4700
225 278 286 374 ιδ
562 364 567 373 .
620 314 903 386 emarcum

73 473 134 529 dc.
146 466 307 550 ιδίίέδοξι
329 472 478 537 estrees
496 473 557 554 μὲν
573 471 769 559 πραγμάτων
793 468 1176 556 temperamentum
1197 474 1234 539 di
1252 472 1307 541 τδν

217 570 377 638 ἐπίλοιπον
391 565 620 661 ἀπραγμοσύνῃ
640 576 720 656 βίον,
741 568 826 649 ὅπως
847 567 889 639 ris
901 572 1055 656 δύνωμαι,
1077 577 1224 657 διάγοντα
1237 578 1303 639 κατ’

222 666 369 752 ἐμαντάν.
411 665 493 736 οὕτω
515 668 555 755 δὴ
578 668 680 755 δόξαν,
700 663 760 757 ἤδη
783 675 840 737 καί
858 674 911 738 eoi
929 672 1103 757 κατάδηλον
1122 675 1230 742 nore?
1246 671 1305 738 τοῦ

189 768 415 853 ῦπατριάρχον
445 772 481 834 δὲ
508 769 745 852 πυνθανομένου
773 768 829 856 τὴν
851 772 972 852 αἰτίαν,
1000 772 1041 835 δι’
1069 768 1109 856 ἢν
1132 773 1218 861 αδεῷ
1237 795 1304 836 τοι·

217 872 300 935 aere
330 865 407 953 πρὸς
428 867 486 953 τὴν
512 874 663 952 βασιλίδα
682 872 821 955 παρέστη
841 872 942 954 λέγειν
948 921 958 951 ,
994 867 1050 936 sei
1067 867 1222 957 πρότερον
1241 866 1324 952 aare

216 964 336 1055 ἔφασκε
362 966 438 1047 rode
463 968 624 1045 τοιούτους
661 972 810 1057 στρέφειν
842 969 1012 1054 λογισμοάς
1044 970 1100 1035 ναί
1130 970 1301 1053 άνιιγπαῖον

217 1066 343 1132 οἴεσθαι
369 1067 568 1155 α’φίστασδαι
598 1071 662 1135 ταῖν
688 1064 894 1155 πραγμάτων.
927 1064 951 1132 δ
979 1069 1015 1134 δέ
1033 1091 1074 1152 με
1101 1068 1211 1152 τάχιον
1230 1069 1303 1132 risi-

216 1188 305 1231 πιισο
323 1166 381 1251 τάν
398 1164 518 1252 βουλῆν
538 1165 785 1251 ιίναναλάπτειν,
817 1167 910 1233 οἰδὲν
937 1172 1042 1254 ’ἕταρον
1062 1165 1165 1249 εἰναι,
1194 1161 1215 1253 ἢ
1247 1163 1303 1231 δτι

214 1267 252 1354 νῇ
270 1266 441 1356 προτεραίᾳ
460 1266 538 1332 κατά
558 1265 613 1332 sris
632 1264 785 1351 σύλλογον
813 1267 952 1353 διαίρως
979 1269 1038 1333 τοῦ
1066 1266 1219 1349 Χοάμνον
1246 1264 1303 1330 aar

213 1363 353 1449 άνοὴτως
373 1365 677 1451 παρρησιασαμένου
697 1371 753 1432 καί
774 1364 831 1431 δάν
850 1369 895 1456 τῷ
914 1365 1038 1455 ἐσχάτῳ
1059 1365 1339 1453 άποιιαλνφδῇμα

210 1461 327 1546 σιγάτω
356 1463 375 1528 δ
402 1467 525 1551 πρῶτος
544 1468 707 1552 φαμένου,
738 1457 807 1530 oia’
828 1465 846 1550 ἢ
866 1463 991 1547 βασιλίς
1012 1457 1077 1530 οὔτ’
1100 1458 1196 1540 ariade
1217 1466 1298 1549 ἤγα-

210 1563 382 1648 ναιιτάσατε
399 1560 476 1650 πρὸς
493 1563 551 1650 τὴν
570 1558 810 1648 άναισχνντίαν,
834 1554 909 1630 otri
930 1567 1018 1649 δίκην
1031 1562 1127 1629 ἔδωκε
1141 1567 1198 1649 τῆς
1218 1558 1294 1628 eise·

211 1665 289 1746 ἠτου
309 1666 545 1747 γλωσσαλγιοις,
567 1657 634 1728 a'tt'
649 1663 873 1750 ἐφησαχάσατι
887 1672 953 1740 τοῖς
968 1665 1164 1746 λεγομένοις,
1185 1656 1299 1746 οἵαπερ

214 1761 379 1845 εἰρημένον
398 1761 535 1846 μηδενὸς
549 1765 692 1827 καινοῦ.”
712 1760 730 1825 δ
746 1762 948 1848 πατριάρχης
966 1764 1002 1828 δὲ
1027 1763 1082 1844 ,,εἰ
1098 1764 1158 1843 μὲν
1176 1763 1236 1826 καί
1249 1784 1297 1838 τις

210 1853 290 1944 άλλη
308 1856 388 1947 πρὸς
409 1858 480 1936 τούς
501 1857 682 1937 τοιοάτονς”
714 1858 800 1944 ἔλεγε
827 1860 960 1944 ,,λάγονς
978 1852 1091 1946 ἤγαγεν
1112 1858 1215 1942 αἰτία,
1237 1857 1342 1927 ατί-15

207 1955 262 2034 νδς
280 1950 321 2024 άν
340 1959 465 2044 εἰδείης.
496 1960 527 2024 εἰ
545 1962 574 2024 δ’
588 1960 691 2026 adteri
710 1955 824 2024 τοάτου
844 1961 934 2025 ἕνεκα
953 1954 1054 2040 μόνον
1067 1959 1299 2042 παροξννθιίς,

170 2057 286 2146 Ιλοργῇ
306 2053 479 2146 φερόμενος
505 2056 587 2145 πρὸς
608 2061 666 2141 ipsi
684 2082 719 2123 τι
738 2057 795 2123 καί
819 2056 877 2142 τὴν
896 2058 1067 2142 βασιλίδα,
1094 2057 1299 2143 δφιὸτοοθαι

202 2161 259 2243 τῆς
280 2152 465 2242 διοικήσεως
484 2153 581 2241 ἔγνως
600 2157 664 2223 τάν
685 2159 817 2237 ποινάν,
847 2149 919 2222 οὔτε
941 2156 1048 2222 δίκαια
1068 2164 1190 2236 ποιεῖς,
1219 2146 1294 2219 σάτα

201 2255 399 2343 προσήκοντα
426 2257 547 2345 σαυτῷ.
595 2255 658 2340 tyri
681 2279 717 2322 τι
745 2254 806 2341 γάρ
835 2256 1042 2340 ἰσχυρίζομαι
1068 2253 1199 2319 τοντανί
1227 2257 1294 2319 τάν

200 2357 302 2441 λόγων
323 2353 368 2441 με)
400 2356 568 2442 άνιιμιοδναι
597 2359 779 2432 παντελῶς·
808 2358 865 2419 καί
884 2356 1006 2429 δίκαιος
1034 2346 1119 2419 εἰναι
1138 2352 1219 2431 dissi
1237 2376 1337 2419 mm

201 2453 373 2524 οτοάεσδαι
393 2454 483 2541 παρά
508 2459 578 2520 σοί·
599 2452 705 2537 οἴομαι
720 2455 756 2519 δὲ
776 2452 832 2518 καί
849 2451 907 2537 τὴν
925 2453 1076 2535 βασιλίδα
1087 2453 1128 2518 τά
1147 2450 1203 2518 iou
1216 2452 1292 2533 ἐμοὶ

200 2557 295 2642 derit.
334 2553 412 2620 eddi
437 2552 498 2639 γάρ
529 2547 570 2620 riis
597 2547 706 2639 ἧνιγιιι
734 2556 827 2641 σιγῇ,
851 2555 882 2619 εἰ
914 2550 1055 2617 διιοῦσαί
1069 2574 1103 2616 τι
1123 2552 1295 2633 συνέβαινε.

99 2658 265 2748 λῃστῶν
285 2652 385 2740 λόγων
404 2650 461 2718 ιιαί
481 2649 562 2739 πρδς
579 2653 617 2719 αλ
636 2652 786 2738 εἰρῆσθαι
809 2652 966 2737 οἰηθῆναι.
1008 2647 1058 2716 διά
1073 2671 1132 2716 σοι
1145 2651 1203 2715 aei
1214 2648 1289 2715 ttr-

199 2904 229 2941 se
249 2886 303 2956 sibi
323 2888 378 2941 tan
395 2886 565 2956 praestitisse
591 2886 734 2958 risumque
754 2902 844 2938 rerum
862 2884 1099 2940 administratione
1117 2885 1292 2954 cedendm,

199 2966 227 3012 et
245 2957 321 3028 quod
339 2965 466 3027 superest
482 2957 554 3022 aevi,
576 2955 646 3019 sibi,
666 2955 758 3025 quoad
786 2956 845 3007 fleri
871 2957 976 3025 possit,
1003 2956 1056 3008 soii
1079 2958 1232 3021 virentem,
1255 2959 1287 3012 in

197 3045 322 3082 cerarum
345 3028 482 3080 vacuitate
509 3025 731 3081 consumendum.
774 3025 862 3078 Huius
885 3042 950 3078 susc
968 3025 1118 3079 voluntatis
1144 3044 1203 3079 cam
1227 3045 1286 3082 esse

196 3102 319 3169 ignaram
337 3100 466 3153 noluisse.
503 3098 664 3150 sciscitante
682 3102 775 3150 autern
800 3096 954 3165 patriarcha
971 3113 1095 3156 causam,
1119 3097 1188 3167 quid
1206 3098 1231 3149 ei
1254 3099 1286 3151 in

195 3178 318 3223 mentem
334 3173 472 3232 venisset,
498 3169 584 3221 telem
603 3166 637 3219 ad
655 3165 803 3235 Augustam
824 3166 932 3219 mittere
952 3167 1095 3232 nuntium,
1126 3167 1284 3238 respondit:

194 3242 303 3310 pridem
321 3255 351 3293 se
377 3242 444 3293 istas
469 3239 646 3308 cogitationes
675 3235 784 3288 volvere
808 3244 838 3287 et
854 3235 1057 3290 abdicationem
1082 3238 1211 3289 rectionis
1229 3238 1283 3289 sibi

195 3312 376 3364 neeessariam
393 3308 530 3368 arbitrari,
565 3306 648 3376 Quod
666 3321 729 3358 vero
749 3323 811 3358 eum
834 3307 868 3359 ad
894 3305 1024 3358 meditata
1046 3308 1127 3359 citius
1151 3309 1285 3380 patefaci-

194 3380 267 3434 enda
284 3381 423 3442 incitarit,
444 3396 501 3432 nen
518 3394 576 3431 esse
594 3374 685 3440 aliud,
707 3393 788 3448 quara
810 3377 883 3447 quod
901 3376 990 3447 pridie
1009 3377 1149 3430 Chumnus
1168 3378 1197 3429 in
1215 3396 1283 3432 coa-

193 3459 279 3503 ventu
297 3452 454 3520 importune
481 3457 509 3502 ct
533 3446 697 3518 insipienter
714 3462 746 3497 ac
772 3448 832 3500 sine
857 3449 947 3500 sroute
972 3446 1043 3499 iliud
1066 3448 1231 3511 adorirer-it,
1257 3450 1284 3503 a·

193 3535 326 3593 μοιοαπιο
345 3521 497 3575 revelatum
514 3521 561 3581 sit,
579 3529 672 3571 taceat
686 3519 806 3589 primus:
836 3535 918 3588 quam
937 3518 1133 3588 impudentiam
1151 3535 1202 3571 nec
1227 3519 1281 3570 irn-

191 3592 328 3663 perntrix,
345 3607 396 3643 nec
414 3592 473 3659 ipsc
491 3588 643 3658 patriarcha
663 3603 742 3657 aegre
760 3589 870 3650 tulerit,
893 3605 945 3641 nec
961 3588 1182 3640 maledicentiam
1200 3589 1280 3642 istam

190 3662 349 3733 puniverit,
367 3661 417 3715 sed
437 3659 552 3731 perinde
572 3659 644 3710 acsi
662 3657 733 3711 nihii
746 3657 882 3714 diceretur
895 3659 969 3722 novi,
986 3660 1016 3710 in
1034 3657 1108 3711 dicto
1127 3660 1196 3712 istoc
1213 3677 1281 3713 con-

191 3733 355 3802 quieverint.
390 3731 506 3801 Excepit
521 3728 683 3801 pairisrcha.
729 3728 801 3780 Num
818 3728 872 3781 siia
889 3736 1030 3798 practerea
1050 3746 1091 3781 res
1110 3735 1137 3780 te
1157 3747 1279 3783 eommo-

191 3804 280 3867 verit,
299 3811 331 3854 ut
347 3800 400 3855 hoe
418 3803 537 3864 diceres,
560 3809 591 3853 tu
609 3801 700 3852 nostis
725 3801 749 3851 si
766 3810 878 3871 propter
896 3798 950 3851 hoe
970 3799 1057 3852 seium
1086 3799 1280 3866 exacerbatus,

190 3871 260 3924 nihi
279 3881 307 3924 et
323 3873 489 3941 imperatrici
506 3879 649 3940 tantopere
672 3871 802 3932 irasceris,
820 3879 850 3922 ut
867 3869 1044 3940 reipublicae
1063 3868 1197 3937 regendae
1216 3888 1279 3924 mu·

191 3959 244 3996 nus
260 3945 381 3997 abiicere
400 3944 592 4003 constitueris,
610 3956 661 3993 nec
673 3941 764 4005 iuste,
783 3958 833 3992 uec
851 3959 883 3992 ex
902 3949 948 3992 tua
962 3940 1095 4007 dignitate
1113 3941 1188 3993 iacis.
1208 3940 1276 3993 Nam

191 4029 242 4083 ege
261 4032 303 4066 me
320 4013 404 4066 verba
428 4013 476 4066 iiia
503 4011 620 4066 Chumui
646 4013 758 4063 omuino
786 4028 842 4062 uon
867 4009 1018 4073 audivisse,
1043 4010 1095 4062 tibi
1116 4012 1275 4064 confirmare

189 4100 316 4154 possum:
336 4085 448 4137 etmihi
474 4082 556 4136 iidem
579 4082 675 4135 haberi
700 4098 819 4151 aequum
843 4089 900 4133 est:
926 4088 1049 4150 putoque
1074 4079 1274 4150 imperatricem

190 4153 285 4208 eadem
304 4172 408 4209 mecum
426 4156 616 4208 confessuram
653 4150 733 4204 Haud
758 4152 830 4202 euim
857 4166 950 4204 vocem
976 4149 1124 4214 tenuisset,
1148 4151 1171 4202 si
1193 4151 1274 4203 sudi-

189 4227 273 4278 visser
292 4235 320 4281 or
338 4236 365 4281 re
383 4233 485 4282 tactum
503 4222 672 4281 credidisset.
709 4218 800 4291 Quare
820 4229 847 4274 tc
864 4238 912 4274 ero
933 4237 1106 4294 quaesoque,
1126 4221 1167 4274 uti
1184 4220 1276 4277 verbis
