<?xml version="1.0" encoding="UTF-8"?>
<!DOCTYPE html PUBLIC "-//W3C//DTD XHTML 1.0 Transitional//EN"
    "http://www.w3.org/TR/xhtml1/DTD/xhtml1-transitional.dtd">
<html xmlns="http://www.w3.org/1999/xhtml" xml:lang="en" lang="en">
 <head>
  <title>
</title>
<meta http-equiv="Content-Type" content="text/html;charset=utf-8" />
  <meta name='ocr-system' content='tesseract 3.04.00' />
  <meta name='ocr-capabilities' content='ocr_page ocr_carea ocr_par ocr_line ocrx_word'/>
</head>
<body>
  <div class='ocr_page' id='page_1' title='image "./ioanniscantacuz02joangoog_0464.png"; bbox 0 0 2934 4700; ppageno 0'>
   <div class='ocr_carea' id='block_1_1' title="bbox 243 290 917 395">
    <p class='ocr_par' dir='ltr' id='par_1_1' title="bbox 243 290 917 395">
     <span class='ocr_line' id='line_1_1' title="bbox 243 290 917 395; baseline 0 -20"><span class='ocrx_word' id='word_1_1' title='bbox 243 290 331 395; x_wconf 73' lang='grc' dir='ltr'><strong><em>λιο</em></strong></span> <span class='ocrx_word' id='word_1_2' title='bbox 636 310 917 381; x_wconf 81' lang='lat' dir='ltr'><strong>csmacuzmr</strong></span> 
     </span>
    </p>
   </div>
   <div class='ocr_carea' id='block_1_2' title="bbox 96 458 1368 2326">
    <p class='ocr_par' dir='ltr' id='par_1_2' title="bbox 96 458 1368 2326">
     <span class='ocr_line' id='line_1_2' title="bbox 96 458 1324 557; baseline -0.001 -26"><span class='ocrx_word' id='word_1_3' title='bbox 96 484 167 542; x_wconf 51' lang='lat' dir='ltr'><strong>mc,</strong></span> <span class='ocrx_word' id='word_1_4' title='bbox 178 464 304 557; x_wconf 72' lang='lat' dir='ltr'><em>1343de</em></span> <span class='ocrx_word' id='word_1_5' title='bbox 324 469 467 549; x_wconf 80' lang='grc' dir='ltr'><strong><em>τέτταρες</em></strong></span> <span class='ocrx_word' id='word_1_6' title='bbox 486 460 542 527; x_wconf 82' lang='grc' dir='ltr'><strong>καί</strong></span> <span class='ocrx_word' id='word_1_7' title='bbox 554 458 652 528; x_wconf 75' lang='grc' dir='ltr'><strong><em>εἴκοσι</em></strong></span> <span class='ocrx_word' id='word_1_8' title='bbox 666 460 841 530; x_wconf 81' lang='grc' dir='ltr'><strong><em>Λατινικαί</em></strong></span> <span class='ocrx_word' id='word_1_9' title='bbox 858 459 892 526; x_wconf 83' lang='grc' dir='ltr'><strong>ἔκ</strong></span> <span class='ocrx_word' id='word_1_10' title='bbox 911 484 945 528; x_wconf 85' lang='grc' dir='ltr'><strong><em>τε</em></strong></span> <span class='ocrx_word' id='word_1_11' title='bbox 952 458 1082 528; x_wconf 77' lang='grc' dir='ltr'><strong><em>Ῥοδίων</em></strong></span> <span class='ocrx_word' id='word_1_12' title='bbox 1092 465 1151 528; x_wconf 88' lang='grc' dir='ltr'><strong>καί</strong></span> <span class='ocrx_word' id='word_1_13' title='bbox 1157 482 1249 528; x_wconf 72' lang='grc' dir='ltr'><strong><em>τινων</em></strong></span> <span class='ocrx_word' id='word_1_14' title='bbox 1259 488 1324 530; x_wconf 62' lang='grc' dir='ltr'><strong>παι</strong></span> 
     </span>
     <span class='ocr_line' id='line_1_3' title="bbox 243 557 1324 650; baseline -0.003 -20"><span class='ocrx_word' id='word_1_15' title='bbox 243 566 498 650; x_wconf 83' lang='grc' dir='ltr'><strong><em>ρεσκευασμέναι,</em></strong></span> <span class='ocrx_word' id='word_1_16' title='bbox 520 562 715 627; x_wconf 72' lang='grc' dir='ltr'><strong><em>ἐπέπλευσαν</em></strong></span> <span class='ocrx_word' id='word_1_17' title='bbox 732 563 772 649; x_wconf 74' lang='grc' dir='ltr'><strong>τῇ</strong></span> <span class='ocrx_word' id='word_1_18' title='bbox 785 559 912 648; x_wconf 79' lang='grc' dir='ltr'><strong><em>Σμύρνη</em></strong></span> <span class='ocrx_word' id='word_1_19' title='bbox 935 562 991 624; x_wconf 73' lang='grc' dir='ltr'><strong><em>κατ’</em></strong></span> <span class='ocrx_word' id='word_1_20' title='bbox 1010 560 1047 624; x_wconf 89' lang='grc' dir='ltr'><strong>τό</strong></span> <span class='ocrx_word' id='word_1_21' title='bbox 1066 557 1143 645; x_wconf 86' lang='grc' dir='ltr'><strong><em>πρὸς</em></strong></span> <span class='ocrx_word' id='word_1_22' title='bbox 1156 563 1202 649; x_wconf 75' lang='grc' dir='ltr'><strong>τῷ</strong></span> <span class='ocrx_word' id='word_1_23' title='bbox 1220 566 1324 643; x_wconf 82' lang='grc' dir='ltr'><strong><em>λιμένι</em></strong></span> 
     </span>
     <span class='ocr_line' id='line_1_4' title="bbox 243 654 1324 753; baseline -0.003 -25"><span class='ocrx_word' id='word_1_24' title='bbox 243 660 398 753; x_wconf 73' lang='grc' dir='ltr'><strong><em>φρούριον</em></strong></span> <span class='ocrx_word' id='word_1_25' title='bbox 413 654 506 743; x_wconf 84' lang='grc' dir='ltr'><strong><em>εἷλον,</em></strong></span> <span class='ocrx_word' id='word_1_26' title='bbox 527 662 582 724; x_wconf 75' lang='grc' dir='ltr'><strong><em>κατ’</em></strong></span> <span class='ocrx_word' id='word_1_27' title='bbox 596 660 675 736; x_wconf 83' lang='grc' dir='ltr'><strong><em>ναός</em></strong></span> <span class='ocrx_word' id='word_1_28' title='bbox 692 663 867 744; x_wconf 72' lang='grc' dir='ltr'><strong><em>ἐνέπρησαν</em></strong></span> <span class='ocrx_word' id='word_1_29' title='bbox 886 660 943 724; x_wconf 80' lang='grc' dir='ltr'><strong>οὐκ</strong></span> <span class='ocrx_word' id='word_1_30' title='bbox 958 659 1061 741; x_wconf 90' lang='grc' dir='ltr'><strong><em>όλίγας</em></strong></span> <span class='ocrx_word' id='word_1_31' title='bbox 1077 658 1250 745; x_wconf 85' lang='grc' dir='ltr'><strong><em>Περσικάς.</em></strong></span> <span class='ocrx_word' id='word_1_32' title='bbox 1267 660 1324 725; x_wconf 87' lang='lat' dir='ltr'><strong>’A-</strong></span> 
     </span>
     <span class='ocr_line' id='line_1_5' title="bbox 240 754 1322 847; baseline -0.005 -20"><span class='ocrx_word' id='word_1_33' title='bbox 240 760 326 847; x_wconf 84' lang='grc' dir='ltr'><strong><em>μοόρ</em></strong></span> <span class='ocrx_word' id='word_1_34' title='bbox 343 764 378 826; x_wconf 78' lang='grc' dir='ltr'><strong>δὲ</strong></span> <span class='ocrx_word' id='word_1_35' title='bbox 393 758 505 843; x_wconf 79' lang='grc' dir='ltr'><strong><em>παρόν</em></strong></span> <span class='ocrx_word' id='word_1_36' title='bbox 518 763 574 825; x_wconf 85' lang='grc' dir='ltr'><strong><em>καί</em></strong></span> <span class='ocrx_word' id='word_1_37' title='bbox 591 754 797 841; x_wconf 76' lang='grc' dir='ltr'><strong><em>ἀμυνόμενος,</em></strong></span> <span class='ocrx_word' id='word_1_38' title='bbox 817 758 861 835; x_wconf 79' lang='grc' dir='ltr'><strong><em>ὥς</em></strong></span> <span class='ocrx_word' id='word_1_39' title='bbox 873 760 1010 840; x_wconf 85' lang='grc' dir='ltr'><strong><em>μάλιστα</em></strong></span> <span class='ocrx_word' id='word_1_40' title='bbox 1025 761 1115 841; x_wconf 73' lang='grc' dir='ltr'><strong><em>ἐνῆν,</em></strong></span> <span class='ocrx_word' id='word_1_41' title='bbox 1137 758 1196 822; x_wconf 75' lang='lat' dir='ltr'><strong>cdx</strong></span> <span class='ocrx_word' id='word_1_42' title='bbox 1208 757 1322 839; x_wconf 81' lang='grc' dir='ltr'><strong><em>ἴσχυσε</em></strong></span> 
     </span>
     <span class='ocr_line' id='line_1_6' title="bbox 241 849 1343 945; baseline -0.003 -18"><span class='ocrx_word' id='word_1_43' title='bbox 241 862 460 945; x_wconf 70' lang='grc' dir='ltr'><strong><em>περιγενέσθαι</em></strong></span> <span class='ocrx_word' id='word_1_44' title='bbox 473 858 528 942; x_wconf 82' lang='grc' dir='ltr'><strong><em>τῆς</em></strong></span> <span class='ocrx_word' id='word_1_45' title='bbox 539 862 711 942; x_wconf 74' lang='grc' dir='ltr'><strong><em>Λατινικῆς</em></strong></span> <span class='ocrx_word' id='word_1_46' title='bbox 727 855 897 939; x_wconf 76' lang='grc' dir='ltr'><strong><em>δυνάμεως.</em></strong></span> <span class='ocrx_word' id='word_1_47' title='bbox 922 849 945 921; x_wconf 85' lang='grc' dir='ltr'><strong><em>ά</em></strong></span> <span class='ocrx_word' id='word_1_48' title='bbox 943 882 999 941; x_wconf 87' lang='grc' dir='ltr'><strong>χρι</strong></span> <span class='ocrx_word' id='word_1_49' title='bbox 1013 855 1073 941; x_wconf 91' lang='grc' dir='ltr'><strong><em>γάρ</em></strong></span> <span class='ocrx_word' id='word_1_50' title='bbox 1094 855 1167 923; x_wconf 78' lang='grc' dir='ltr'><strong><em>νυνὶ</em></strong></span> <span class='ocrx_word' id='word_1_51' title='bbox 1176 857 1230 920; x_wconf 72' lang='grc' dir='ltr'><strong><em>ὑπ’</em></strong></span> <span class='ocrx_word' id='word_1_52' title='bbox 1242 859 1343 924; x_wconf 80' lang='grc' dir='ltr'><strong><em>ἐκεί-5</em></strong></span> 
     </span>
     <span class='ocr_line' id='line_1_7' title="bbox 241 954 1322 1042; baseline -0.005 -16"><span class='ocrx_word' id='word_1_53' title='bbox 241 985 304 1027; x_wconf 88' lang='grc' dir='ltr'><strong>νων</strong></span> <span class='ocrx_word' id='word_1_54' title='bbox 317 956 333 1024; x_wconf 93' lang='grc' dir='ltr'><strong><em>ό</em></strong></span> <span class='ocrx_word' id='word_1_55' title='bbox 348 954 493 1042; x_wconf 81' lang='grc' dir='ltr'><strong><em>Σμόρνης</em></strong></span> <span class='ocrx_word' id='word_1_56' title='bbox 511 955 617 1041; x_wconf 78' lang='grc' dir='ltr'><strong><em>ἔχεται</em></strong></span> <span class='ocrx_word' id='word_1_57' title='bbox 633 954 737 1042; x_wconf 70' lang='grc' dir='ltr'><strong><em>λιμήν.</em></strong></span> <span class='ocrx_word' id='word_1_58' title='bbox 759 955 844 1040; x_wconf 84' lang='grc' dir='ltr'><strong><em>ἔλεγε</em></strong></span> <span class='ocrx_word' id='word_1_59' title='bbox 860 960 894 1022; x_wconf 76' lang='grc' dir='ltr'><strong>δὲ</strong></span> <span class='ocrx_word' id='word_1_60' title='bbox 907 955 924 1020; x_wconf 90' lang='grc' dir='ltr'><strong><em>ό</em></strong></span> <span class='ocrx_word' id='word_1_61' title='bbox 940 956 1100 1039; x_wconf 85' lang='grc' dir='ltr'><strong><em>βασιλεάς,</em></strong></span> <span class='ocrx_word' id='word_1_62' title='bbox 1120 957 1175 1039; x_wconf 77' lang='grc' dir='ltr'><strong><em>ὦς,</em></strong></span> <span class='ocrx_word' id='word_1_63' title='bbox 1189 961 1221 1023; x_wconf 83' lang='grc' dir='ltr'><strong><em>εί</em></strong></span> <span class='ocrx_word' id='word_1_64' title='bbox 1230 959 1322 1022; x_wconf 85' lang='grc' dir='ltr'><strong><em>συνέ-</em></strong></span> 
     </span>
     <span class='ocr_line' id='line_1_8' title="bbox 241 1052 1320 1143; baseline -0.003 -20"><span class='ocrx_word' id='word_1_65' title='bbox 241 1065 350 1143; x_wconf 88' lang='grc' dir='ltr'><strong><em>βαινεν</em></strong></span> <span class='ocrx_word' id='word_1_66' title='bbox 360 1055 483 1141; x_wconf 85' lang='grc' dir='ltr'><strong><em>Ἀμοόρ</em></strong></span> <span class='ocrx_word' id='word_1_67' title='bbox 500 1056 580 1121; x_wconf 85' lang='grc' dir='ltr'><strong><em>κατά</em></strong></span> <span class='ocrx_word' id='word_1_68' title='bbox 591 1053 648 1139; x_wconf 70' lang='grc' dir='ltr'><strong>τὴν</strong></span> <span class='ocrx_word' id='word_1_69' title='bbox 662 1054 790 1143; x_wconf 76' lang='grc' dir='ltr'><strong><em>Θρᾴκην</em></strong></span> <span class='ocrx_word' id='word_1_70' title='bbox 804 1055 1017 1141; x_wconf 79' lang='grc' dir='ltr'><strong><em>διατρίβοντος</em></strong></span> <span class='ocrx_word' id='word_1_71' title='bbox 1030 1053 1149 1120; x_wconf 73' lang='grc' dir='ltr'><strong><em>άλοῖναι</em></strong></span> <span class='ocrx_word' id='word_1_72' title='bbox 1164 1052 1320 1139; x_wconf 75' lang='grc' dir='ltr'><strong><em>Σμύρναν,</em></strong></span> 
     </span>
     <span class='ocr_line' id='line_1_9' title="bbox 243 1148 1321 1239; baseline -0.003 -18"><span class='ocrx_word' id='word_1_73' title='bbox 243 1152 302 1221; x_wconf 75' lang='grc' dir='ltr'><strong>οὐκ</strong></span> <span class='ocrx_word' id='word_1_74' title='bbox 316 1152 531 1237; x_wconf 76' lang='grc' dir='ltr'><strong><em>αότόςμόνον,</em></strong></span> <span class='ocrx_word' id='word_1_75' title='bbox 546 1151 625 1218; x_wconf 84' lang='grc' dir='ltr'><strong><em>άλλό</em></strong></span> <span class='ocrx_word' id='word_1_76' title='bbox 638 1157 692 1218; x_wconf 72' lang='grc' dir='ltr'><strong><em>κατ’</em></strong></span> <span class='ocrx_word' id='word_1_77' title='bbox 699 1152 814 1230; x_wconf 86' lang='grc' dir='ltr'><strong><em>πάντες</em></strong></span> <span class='ocrx_word' id='word_1_78' title='bbox 829 1148 991 1239; x_wconf 76' lang='grc' dir='ltr'><strong><em>ἄνθρωποι</em></strong></span> <span class='ocrx_word' id='word_1_79' title='bbox 1004 1160 1061 1237; x_wconf 82' lang='grc' dir='ltr'><strong><em>τῆς</em></strong></span> <span class='ocrx_word' id='word_1_80' title='bbox 1079 1158 1123 1231; x_wconf 82' lang='grc' dir='ltr'><strong>εἰς</strong></span> <span class='ocrx_word' id='word_1_81' title='bbox 1137 1159 1268 1237; x_wconf 75' lang='grc' dir='ltr'><strong><em>βασιλέα</em></strong></span> <span class='ocrx_word' id='word_1_82' title='bbox 1287 1157 1321 1218; x_wconf 83' lang='grc' dir='ltr'><strong>ἓ-</strong></span> 
     </span>
     <span class='ocr_line' id='line_1_10' title="bbox 243 1246 1320 1338; baseline -0.002 -18"><span class='ocrx_word' id='word_1_83' title='bbox 243 1280 317 1321; x_wconf 90' lang='grc' dir='ltr'><strong><em>νεκα</em></strong></span> <span class='ocrx_word' id='word_1_84' title='bbox 333 1256 457 1330; x_wconf 73' lang='grc' dir='ltr'><strong><em>εάνοιλις</em></strong></span> <span class='ocrx_word' id='word_1_85' title='bbox 469 1252 526 1338; x_wconf 79' lang='grc' dir='ltr'><strong>την</strong></span> <span class='ocrx_word' id='word_1_86' title='bbox 547 1249 636 1319; x_wconf 88' lang='grc' dir='ltr'><strong><em>πόλιν</em></strong></span> <span class='ocrx_word' id='word_1_87' title='bbox 651 1246 773 1337; x_wconf 80' lang='grc' dir='ltr'><strong><em>Ἀμοόρ</em></strong></span> <span class='ocrx_word' id='word_1_88' title='bbox 795 1249 1024 1317; x_wconf 71' lang='grc' dir='ltr'><strong><em>ἀπολωλεκέναι</em></strong></span> <span class='ocrx_word' id='word_1_89' title='bbox 1044 1249 1084 1318; x_wconf 80' lang='grc' dir='ltr'><strong>άν</strong></span> <span class='ocrx_word' id='word_1_90' title='bbox 1104 1252 1320 1319; x_wconf 80' lang='grc' dir='ltr'><strong><em>όπιόπτευσαν.</em></strong></span> 
     </span>
     <span class='ocr_line' id='line_1_11' title="bbox 210 1350 1368 1438; baseline -0.005 -18"><span class='ocrx_word' id='word_1_91' title='bbox 210 1356 317 1421; x_wconf 71' lang='lat' dir='ltr'><strong>Drusi</strong></span> <span class='ocrx_word' id='word_1_92' title='bbox 325 1357 361 1420; x_wconf 83' lang='grc' dir='ltr'><strong>δὲ</strong></span> <span class='ocrx_word' id='word_1_93' title='bbox 375 1355 493 1419; x_wconf 77' lang='grc' dir='ltr'><strong><em>ἐκείνου</em></strong></span> <span class='ocrx_word' id='word_1_94' title='bbox 504 1350 582 1433; x_wconf 84' lang='grc' dir='ltr'><strong><em>μετά</em></strong></span> <span class='ocrx_word' id='word_1_95' title='bbox 598 1355 652 1433; x_wconf 82' lang='grc' dir='ltr'><strong><em>τῆς</em></strong></span> <span class='ocrx_word' id='word_1_96' title='bbox 667 1355 816 1436; x_wconf 84' lang='grc' dir='ltr'><strong><em>στρατιᾶς</em></strong></span> <span class='ocrx_word' id='word_1_97' title='bbox 829 1354 898 1416; x_wconf 78' lang='grc' dir='ltr'><strong><em>ἐκεῖ</em></strong></span> <span class='ocrx_word' id='word_1_98' title='bbox 905 1351 1066 1438; x_wconf 83' lang='grc' dir='ltr'><strong><em>παρόντος,</em></strong></span> <span class='ocrx_word' id='word_1_99' title='bbox 1077 1355 1234 1436; x_wconf 77' lang='grc' dir='ltr'><strong><em>μηδεμιλιν</em></strong></span> <span class='ocrx_word' id='word_1_100' title='bbox 1248 1351 1368 1437; x_wconf 88' lang='grc' dir='ltr'><strong><em>πρόςιο</em></strong></span> 
     </span>
     <span class='ocr_line' id='line_1_12' title="bbox 243 1446 1325 1545; baseline -0.002 -27"><span class='ocrx_word' id='word_1_101' title='bbox 243 1450 342 1518; x_wconf 81' lang='grc' dir='ltr'><strong><em>ου’τόν</em></strong></span> <span class='ocrx_word' id='word_1_102' title='bbox 376 1451 482 1516; x_wconf 76' lang='grc' dir='ltr'><strong><em>αἰτίαν</em></strong></span> <span class='ocrx_word' id='word_1_103' title='bbox 505 1446 587 1516; x_wconf 85' lang='grc' dir='ltr'><strong><em>εἶναι</em></strong></span> <span class='ocrx_word' id='word_1_104' title='bbox 617 1455 672 1535; x_wconf 75' lang='grc' dir='ltr'><strong><em>τῆς</em></strong></span> <span class='ocrx_word' id='word_1_105' title='bbox 700 1449 858 1545; x_wconf 66' lang='lat' dir='ltr'><strong>tituletur.</strong></span> <span class='ocrx_word' id='word_1_106' title='bbox 912 1453 955 1514; x_wconf 74' lang='grc' dir='ltr'><strong>δι’</strong></span> <span class='ocrx_word' id='word_1_107' title='bbox 982 1447 1004 1514; x_wconf 84' lang='grc' dir='ltr'><strong><em>ά</em></strong></span> <span class='ocrx_word' id='word_1_108' title='bbox 1036 1450 1154 1527; x_wconf 83' lang='grc' dir='ltr'><strong><em>πολλός</em></strong></span> <span class='ocrx_word' id='word_1_109' title='bbox 1174 1452 1325 1517; x_wconf 76' lang='grc' dir='ltr'><strong><em>α’πεόίόου</em></strong></span> 
     </span>
     <span class='ocr_line' id='line_1_13' title="bbox 243 1545 1333 1637; baseline 0.001 -22"><span class='ocrx_word' id='word_1_110' title='bbox 243 1554 309 1637; x_wconf 74' lang='grc' dir='ltr'><strong><em>θεῷ</em></strong></span> <span class='ocrx_word' id='word_1_111' title='bbox 328 1551 531 1635; x_wconf 72' lang='grc' dir='ltr'><strong><em>ου’χαριστιας</em></strong></span> <span class='ocrx_word' id='word_1_112' title='bbox 553 1551 608 1633; x_wconf 76' lang='grc' dir='ltr'><strong><em>τῆς</em></strong></span> <span class='ocrx_word' id='word_1_113' title='bbox 628 1548 703 1635; x_wconf 79' lang='grc' dir='ltr'><strong><em>περί</em></strong></span> <span class='ocrx_word' id='word_1_114' title='bbox 724 1547 822 1614; x_wconf 86' lang='grc' dir='ltr'><strong><em>αότόν</em></strong></span> <span class='ocrx_word' id='word_1_115' title='bbox 840 1550 1040 1633; x_wconf 82' lang='grc' dir='ltr'><strong><em>κηδεμονίας,</em></strong></span> <span class='ocrx_word' id='word_1_116' title='bbox 1061 1545 1109 1615; x_wconf 83' lang='grc' dir='ltr'><strong><em>ότι</em></strong></span> <span class='ocrx_word' id='word_1_117' title='bbox 1127 1557 1183 1617; x_wconf 83' lang='grc' dir='ltr'><strong>καί</strong></span> <span class='ocrx_word' id='word_1_118' title='bbox 1202 1548 1225 1614; x_wconf 80' lang='grc' dir='ltr'><strong><em>ά</em></strong></span> <span class='ocrx_word' id='word_1_119' title='bbox 1246 1554 1333 1616; x_wconf 72' lang='grc' dir='ltr'><strong><em>δοκεῖ</em></strong></span> 
     </span>
     <span class='ocr_line' id='line_1_14' title="bbox 244 1644 1328 1735; baseline 0.001 -21"><span class='ocrx_word' id='word_1_120' title='bbox 244 1654 429 1732; x_wconf 78' lang='grc' dir='ltr'><strong><em>συμβαίνειν</em></strong></span> <span class='ocrx_word' id='word_1_121' title='bbox 457 1651 615 1731; x_wconf 83' lang='grc' dir='ltr'><strong><em>δυσχερῆ,</em></strong></span> <span class='ocrx_word' id='word_1_122' title='bbox 646 1646 725 1735; x_wconf 87' lang='grc' dir='ltr'><strong><em>πρός</em></strong></span> <span class='ocrx_word' id='word_1_123' title='bbox 754 1644 790 1713; x_wconf 87' lang='grc' dir='ltr'><strong>τό</strong></span> <span class='ocrx_word' id='word_1_124' title='bbox 824 1650 1004 1713; x_wconf 79' lang='grc' dir='ltr'><strong><em>λυσιτελοῦν</em></strong></span> <span class='ocrx_word' id='word_1_125' title='bbox 1034 1644 1166 1735; x_wconf 75' lang='grc' dir='ltr'><strong><em>ὕστερον</em></strong></span> <span class='ocrx_word' id='word_1_126' title='bbox 1202 1650 1328 1715; x_wconf 75' lang='lat' dir='ltr'><strong>duodel-</strong></span> 
     </span>
     <span class='ocr_line' id='line_1_15' title="bbox 139 1743 1327 1835; baseline 0 -23"><span class='ocrx_word' id='word_1_127' title='bbox 139 1764 234 1835; x_wconf 74' lang='lat' dir='ltr'><strong>V·l⁶9</strong></span> <span class='ocrx_word' id='word_1_128' title='bbox 243 1771 356 1812; x_wconf 85' lang='grc' dir='ltr'><strong><em>κνυται</em></strong></span> <span class='ocrx_word' id='word_1_129' title='bbox 377 1743 634 1827; x_wconf 83' lang='grc' dir='ltr'><strong><em>οἶκονομοόμενα.</em></strong></span> <span class='ocrx_word' id='word_1_130' title='bbox 674 1745 755 1811; x_wconf 85' lang='grc' dir='ltr'><strong><em>άλλά</em></strong></span> <span class='ocrx_word' id='word_1_131' title='bbox 778 1748 877 1812; x_wconf 77' lang='grc' dir='ltr'><strong><em>ταῦτα</em></strong></span> <span class='ocrx_word' id='word_1_132' title='bbox 895 1749 954 1828; x_wconf 77' lang='grc' dir='ltr'><strong>μὲν</strong></span> <span class='ocrx_word' id='word_1_133' title='bbox 973 1747 1065 1835; x_wconf 74' lang='grc' dir='ltr'><strong><em>όλιγιρ</em></strong></span> <span class='ocrx_word' id='word_1_134' title='bbox 1086 1745 1230 1834; x_wconf 68' lang='grc' dir='ltr'><strong><em>ὕστερον.</em></strong></span> <span class='ocrx_word' id='word_1_135' title='bbox 1256 1748 1327 1814; x_wconf 80' lang='grc' dir='ltr'><strong><em>τότε</em></strong></span> 
     </span>
     <span class='ocr_line' id='line_1_16' title="bbox 245 1839 1368 1931; baseline 0.003 -23"><span class='ocrx_word' id='word_1_136' title='bbox 245 1848 281 1908; x_wconf 81' lang='grc' dir='ltr'><strong>δὲ</strong></span> <span class='ocrx_word' id='word_1_137' title='bbox 295 1843 412 1930; x_wconf 84' lang='grc' dir='ltr'><strong><em>Ἀμοάρ</em></strong></span> <span class='ocrx_word' id='word_1_138' title='bbox 435 1839 711 1928; x_wconf 77' lang='grc' dir='ltr'><strong><em>άναχωρήσαντος,</em></strong></span> <span class='ocrx_word' id='word_1_139' title='bbox 733 1840 833 1922; x_wconf 83' lang='grc' dir='ltr'><strong><em>εόθός</em></strong></span> <span class='ocrx_word' id='word_1_140' title='bbox 852 1845 915 1909; x_wconf 76' lang='lat' dir='ltr'><strong>sind</strong></span> <span class='ocrx_word' id='word_1_141' title='bbox 936 1847 1059 1911; x_wconf 85' lang='grc' dir='ltr'><strong><em>πάντων</em></strong></span> <span class='ocrx_word' id='word_1_142' title='bbox 1077 1850 1142 1912; x_wconf 74' lang='grc' dir='ltr'><strong>τῶν</strong></span> <span class='ocrx_word' id='word_1_143' title='bbox 1160 1847 1368 1931; x_wconf 73' lang='grc' dir='ltr'><strong><em>περισίκωνιὸ</em></strong></span> 
     </span>
     <span class='ocr_line' id='line_1_17' title="bbox 243 1939 1321 2032; baseline 0.003 -26"><span class='ocrx_word' id='word_1_144' title='bbox 243 1939 378 2023; x_wconf 82' lang='grc' dir='ltr'><strong><em>πόλεμος</em></strong></span> <span class='ocrx_word' id='word_1_145' title='bbox 413 1943 514 2018; x_wconf 78' lang='grc' dir='ltr'><strong><em>δεινός</em></strong></span> <span class='ocrx_word' id='word_1_146' title='bbox 540 1949 673 2022; x_wconf 82' lang='grc' dir='ltr'><strong><em>βασιλέα</em></strong></span> <span class='ocrx_word' id='word_1_147' title='bbox 702 1946 897 2027; x_wconf 81' lang='grc' dir='ltr'><strong><em>περιίστατο.</em></strong></span> <span class='ocrx_word' id='word_1_148' title='bbox 950 1940 1014 2026; x_wconf 57' lang='lat' dir='ltr'><strong>ipe</strong></span> <span class='ocrx_word' id='word_1_149' title='bbox 1044 1943 1104 2029; x_wconf 82' lang='grc' dir='ltr'><strong><em>γάρ</em></strong></span> <span class='ocrx_word' id='word_1_150' title='bbox 1135 1945 1267 2032; x_wconf 83' lang='grc' dir='ltr'><strong><em>Κράλης</em></strong></span> <span class='ocrx_word' id='word_1_151' title='bbox 1287 1944 1321 2011; x_wconf 80' lang='grc' dir='ltr'><strong>τό</strong></span> 
     </span>
     <span class='ocr_line' id='line_1_18' title="bbox 245 2032 1323 2131; baseline 0.003 -27"><span class='ocrx_word' id='word_1_152' title='bbox 245 2039 411 2125; x_wconf 86' lang='grc' dir='ltr'><strong><em>κράτιστον</em></strong></span> <span class='ocrx_word' id='word_1_153' title='bbox 432 2032 518 2120; x_wconf 86' lang='grc' dir='ltr'><strong><em>άγων</em></strong></span> <span class='ocrx_word' id='word_1_154' title='bbox 538 2044 594 2124; x_wconf 77' lang='grc' dir='ltr'><strong><em>τῆς</em></strong></span> <span class='ocrx_word' id='word_1_155' title='bbox 626 2043 742 2117; x_wconf 85' lang='grc' dir='ltr'><strong><em>οἰκείας</em></strong></span> <span class='ocrx_word' id='word_1_156' title='bbox 767 2047 916 2127; x_wconf 80' lang='grc' dir='ltr'><strong><em>στρατιᾶς</em></strong></span> <span class='ocrx_word' id='word_1_157' title='bbox 948 2036 1026 2128; x_wconf 83' lang='grc' dir='ltr'><strong><em>άχρι</em></strong></span> <span class='ocrx_word' id='word_1_158' title='bbox 1045 2048 1172 2127; x_wconf 81' lang='grc' dir='ltr'><strong><em>Ζιχνοόν</em></strong></span> <span class='ocrx_word' id='word_1_159' title='bbox 1192 2040 1323 2131; x_wconf 76' lang='grc' dir='ltr'><strong><em>ἀφῖκτο,</em></strong></span> 
     </span>
     <span class='ocr_line' id='line_1_19' title="bbox 243 2137 1325 2226; baseline 0.002 -23"><span class='ocrx_word' id='word_1_160' title='bbox 243 2140 369 2224; x_wconf 79' lang='grc' dir='ltr'><strong><em>γνώμην</em></strong></span> <span class='ocrx_word' id='word_1_161' title='bbox 389 2137 483 2222; x_wconf 82' lang='grc' dir='ltr'><strong><em>ἔχων,</em></strong></span> <span class='ocrx_word' id='word_1_162' title='bbox 505 2139 549 2215; x_wconf 72' lang='lat' dir='ltr'><strong>uie</strong></span> <span class='ocrx_word' id='word_1_163' title='bbox 568 2140 650 2204; x_wconf 85' lang='grc' dir='ltr'><strong><em>κατά</em></strong></span> <span class='ocrx_word' id='word_1_164' title='bbox 677 2142 802 2226; x_wconf 75' lang='grc' dir='ltr'><strong><em>Θρᾴκην</em></strong></span> <span class='ocrx_word' id='word_1_165' title='bbox 821 2140 1048 2225; x_wconf 74' lang='grc' dir='ltr'><strong><em>ἐπιθησόμενος</em></strong></span> <span class='ocrx_word' id='word_1_166' title='bbox 1064 2149 1201 2224; x_wconf 82' lang='grc' dir='ltr'><strong><em>βασιλεῖ.</em></strong></span> <span class='ocrx_word' id='word_1_167' title='bbox 1234 2146 1288 2208; x_wconf 84' lang='grc' dir='ltr'><strong>καί</strong></span> <span class='ocrx_word' id='word_1_168' title='bbox 1306 2138 1325 2205; x_wconf 87' lang='grc' dir='ltr'><strong><em>ό</em></strong></span> 
     </span>
     <span class='ocr_line' id='line_1_20' title="bbox 248 2233 1329 2326; baseline 0.006 -23"><span class='ocrx_word' id='word_1_169' title='bbox 248 2243 312 2304; x_wconf 78' lang='grc' dir='ltr'><strong>τῶν</strong></span> <span class='ocrx_word' id='word_1_170' title='bbox 342 2242 469 2303; x_wconf 81' lang='grc' dir='ltr'><strong><em>Μυσῶν</em></strong></span> <span class='ocrx_word' id='word_1_171' title='bbox 495 2235 645 2320; x_wconf 85' lang='grc' dir='ltr'><strong><em>βασιλεός</em></strong></span> <span class='ocrx_word' id='word_1_172' title='bbox 668 2233 875 2326; x_wconf 75' lang='grc' dir='ltr'><strong><em>Ἀλέξανδρος</em></strong></span> <span class='ocrx_word' id='word_1_173' title='bbox 904 2233 977 2325; x_wconf 78' lang='grc' dir='ltr'><strong><em>ἧκεν</em></strong></span> <span class='ocrx_word' id='word_1_174' title='bbox 1005 2241 1059 2306; x_wconf 78' lang='grc' dir='ltr'><strong><em>ἐπί</em></strong></span> <span class='ocrx_word' id='word_1_175' title='bbox 1081 2240 1232 2325; x_wconf 78' lang='grc' dir='ltr'><strong><em>Στίλβνον</em></strong></span> <span class='ocrx_word' id='word_1_176' title='bbox 1251 2268 1329 2310; x_wconf 82' lang='grc' dir='ltr'><strong><em>παν·</em></strong></span> 
     </span>
    </p>
   </div>
   <div class='ocr_carea' id='block_1_3' title="bbox 158 2339 1368 2860">
    <p class='ocr_par' dir='ltr' id='par_1_3' title="bbox 158 2339 1368 2725">
     <span class='ocr_line' id='line_1_21' title="bbox 158 2339 1368 2430; baseline -0.002 -21"><span class='ocrx_word' id='word_1_177' title='bbox 158 2342 384 2426; x_wconf 75' lang='grc' dir='ltr'><strong><em>Ρ.585στρατιᾷ</em></strong></span> <span class='ocrx_word' id='word_1_178' title='bbox 396 2386 406 2421; x_wconf 84' lang='grc'><strong><em>,</em></strong></span> <span class='ocrx_word' id='word_1_179' title='bbox 429 2339 640 2428; x_wconf 78' lang='grc' dir='ltr'><strong><em>Παλαιολόγιρ</em></strong></span> <span class='ocrx_word' id='word_1_180' title='bbox 661 2344 705 2427; x_wconf 68' lang='lat' dir='ltr'><strong>argi</strong></span> <span class='ocrx_word' id='word_1_181' title='bbox 726 2344 786 2426; x_wconf 85' lang='grc' dir='ltr'><strong><em>νέιρ</em></strong></span> <span class='ocrx_word' id='word_1_182' title='bbox 806 2340 1025 2424; x_wconf 69' lang='grc' dir='ltr'><strong><em>συμμαχήσων</em></strong></span> <span class='ocrx_word' id='word_1_183' title='bbox 1044 2348 1188 2425; x_wconf 80' lang='grc' dir='ltr'><strong><em>βασιλεῖ,</em></strong></span> <span class='ocrx_word' id='word_1_184' title='bbox 1218 2339 1368 2430; x_wconf 71' lang='grc' dir='ltr'><strong><em>ιόσπεραο</em></strong></span> 
     </span>
     <span class='ocr_line' id='line_1_22' title="bbox 247 2430 1331 2523; baseline 0.005 -21"><span class='ocrx_word' id='word_1_185' title='bbox 247 2430 288 2521; x_wconf 74' lang='grc' dir='ltr'><strong>ἦν</strong></span> <span class='ocrx_word' id='word_1_186' title='bbox 307 2438 533 2520; x_wconf 70' lang='grc' dir='ltr'><strong><em>ὑπεσχημένος.</em></strong></span> <span class='ocrx_word' id='word_1_187' title='bbox 586 2439 786 2522; x_wconf 82' lang='grc' dir='ltr'><strong><em>πατριάρχης</em></strong></span> <span class='ocrx_word' id='word_1_188' title='bbox 803 2462 836 2502; x_wconf 83' lang='grc' dir='ltr'><strong><em>τε</em></strong></span> <span class='ocrx_word' id='word_1_189' title='bbox 852 2436 1016 2523; x_wconf 87' lang='grc' dir='ltr'><strong><em>ε’κκλησιάν</em></strong></span> <span class='ocrx_word' id='word_1_190' title='bbox 1036 2439 1096 2506; x_wconf 88' lang='grc' dir='ltr'><strong><em>άπό</em></strong></span> <span class='ocrx_word' id='word_1_191' title='bbox 1119 2442 1240 2506; x_wconf 83' lang='grc' dir='ltr'><strong><em>πάντων</em></strong></span> <span class='ocrx_word' id='word_1_192' title='bbox 1258 2447 1331 2507; x_wconf 87' lang='grc' dir='ltr'><strong>Βυ-</strong></span> 
     </span>
     <span class='ocr_line' id='line_1_23' title="bbox 249 2534 1330 2624; baseline 0.007 -25"><span class='ocrx_word' id='word_1_193' title='bbox 249 2537 383 2613; x_wconf 82' lang='grc' dir='ltr'><strong><em>ζαντίων</em></strong></span> <span class='ocrx_word' id='word_1_194' title='bbox 414 2534 621 2619; x_wconf 73' lang='grc' dir='ltr'><strong><em>ποιησάμενος</em></strong></span> <span class='ocrx_word' id='word_1_195' title='bbox 650 2536 705 2600; x_wconf 69' lang='grc' dir='ltr'><strong><em>κατ’</em></strong></span> <span class='ocrx_word' id='word_1_196' title='bbox 726 2535 827 2600; x_wconf 89' lang='grc' dir='ltr'><strong><em>πολλά</em></strong></span> <span class='ocrx_word' id='word_1_197' title='bbox 859 2542 1123 2624; x_wconf 81' lang='grc' dir='ltr'><strong><em>Καντακουζηνοῦ</em></strong></span> <span class='ocrx_word' id='word_1_198' title='bbox 1153 2544 1210 2605; x_wconf 75' lang='grc' dir='ltr'><strong>τοῦ</strong></span> <span class='ocrx_word' id='word_1_199' title='bbox 1236 2545 1330 2623; x_wconf 93' lang='grc' dir='ltr'><strong><em>βασι-</em></strong></span> 
     </span>
     <span class='ocr_line' id='line_1_24' title="bbox 248 2634 1331 2725; baseline 0.01 -29"><span class='ocrx_word' id='word_1_200' title='bbox 248 2635 328 2709; x_wconf 78' lang='grc' dir='ltr'><strong><em>λέως</em></strong></span> <span class='ocrx_word' id='word_1_201' title='bbox 358 2635 605 2717; x_wconf 78' lang='grc' dir='ltr'><strong><em>καθαψάμενος,</em></strong></span> <span class='ocrx_word' id='word_1_202' title='bbox 639 2634 683 2709; x_wconf 84' lang='grc' dir='ltr'><strong>ιός</strong></span> <span class='ocrx_word' id='word_1_203' title='bbox 713 2635 830 2711; x_wconf 81' lang='grc' dir='ltr'><strong><em>οἷδίκονς</em></strong></span> <span class='ocrx_word' id='word_1_204' title='bbox 858 2638 914 2700; x_wconf 80' lang='grc' dir='ltr'><strong>καί</strong></span> <span class='ocrx_word' id='word_1_205' title='bbox 931 2636 1123 2725; x_wconf 86' lang='grc' dir='ltr'><strong><em>παρανόμως</em></strong></span> <span class='ocrx_word' id='word_1_206' title='bbox 1139 2646 1206 2715; x_wconf 79' lang='grc' dir='ltr'><strong><em>τοῖς</em></strong></span> <span class='ocrx_word' id='word_1_207' title='bbox 1224 2644 1331 2707; x_wconf 83' lang='grc' dir='ltr'><strong><em>παισίν</em></strong></span> 
     </span>
    </p>

    <p class='ocr_par' dir='ltr' id='par_1_4' title="bbox 325 2758 570 2860">
     <span class='ocr_line' id='line_1_25' title="bbox 325 2758 570 2860; baseline 0 -50"><span class='ocrx_word' id='word_1_208' title='bbox 325 2772 363 2826; x_wconf 79' lang='grc' dir='ltr'><strong><em>ορ.</em></strong></span> <span class='ocrx_word' id='word_1_209' title='bbox 380 2758 526 2860; x_wconf 49' lang='lat' dir='ltr'><strong>Saliares·</strong></span> <span class='ocrx_word' id='word_1_210' title='bbox 544 2761 570 2812; x_wconf 88' lang='lat' dir='ltr'><strong>P.</strong></span> 
     </span>
    </p>
   </div>
   <div class='ocr_carea' id='block_1_4' title="bbox 254 2876 1391 4286">
    <p class='ocr_par' dir='ltr' id='par_1_5' title="bbox 254 2876 1391 4286">
     <span class='ocr_line' id='line_1_26' title="bbox 254 2876 1335 2957; baseline 0.015 -31"><span class='ocrx_word' id='word_1_211' title='bbox 254 2876 312 2927; x_wconf 75' lang='lat' dir='ltr'><strong>risa</strong></span> <span class='ocrx_word' id='word_1_212' title='bbox 338 2882 399 2938; x_wconf 90' lang='lat' dir='ltr'><strong>est,</strong></span> <span class='ocrx_word' id='word_1_213' title='bbox 426 2893 497 2948; x_wconf 87' lang='lat' dir='ltr'><strong>quae</strong></span> <span class='ocrx_word' id='word_1_214' title='bbox 522 2886 612 2932; x_wconf 86' lang='lat' dir='ltr'><strong>tamen</strong></span> <span class='ocrx_word' id='word_1_215' title='bbox 632 2882 690 2949; x_wconf 83' lang='lat' dir='ltr'><strong>ipss</strong></span> <span class='ocrx_word' id='word_1_216' title='bbox 729 2883 901 2948; x_wconf 86' lang='lat' dir='ltr'><strong>ostmodum,</strong></span> <span class='ocrx_word' id='word_1_217' title='bbox 931 2903 1013 2957; x_wconf 83' lang='lat' dir='ltr'><strong>quam</strong></span> <span class='ocrx_word' id='word_1_218' title='bbox 1042 2890 1066 2940; x_wconf 87' lang='lat' dir='ltr'><strong>is</strong></span> <span class='ocrx_word' id='word_1_219' title='bbox 1083 2889 1142 2941; x_wconf 85' lang='lat' dir='ltr'><strong>Deo</strong></span> <span class='ocrx_word' id='word_1_220' title='bbox 1161 2906 1241 2943; x_wconf 85' lang='lat' dir='ltr'><strong>rurae</strong></span> <span class='ocrx_word' id='word_1_221' title='bbox 1258 2895 1335 2950; x_wconf 85' lang='lat' dir='ltr'><strong>esset,</strong></span> 
     </span>
     <span class='ocr_line' id='line_1_27' title="bbox 256 2946 1335 3030; baseline 0.013 -34"><span class='ocrx_word' id='word_1_222' title='bbox 256 2960 315 2997; x_wconf 86' lang='lat' dir='ltr'><strong>non</strong></span> <span class='ocrx_word' id='word_1_223' title='bbox 340 2946 393 2997; x_wconf 81' lang='lat' dir='ltr'><strong>levi</strong></span> <span class='ocrx_word' id='word_1_224' title='bbox 421 2950 584 3001; x_wconf 87' lang='lat' dir='ltr'><strong>documento</strong></span> <span class='ocrx_word' id='word_1_225' title='bbox 613 2952 675 3010; x_wconf 77' lang='lat' dir='ltr'><strong>luit,</strong></span> <span class='ocrx_word' id='word_1_226' title='bbox 714 2952 844 3006; x_wconf 84' lang='lat' dir='ltr'><strong>l&#39;riremes</strong></span> <span class='ocrx_word' id='word_1_227' title='bbox 870 2971 988 3027; x_wconf 88' lang='lat' dir='ltr'><strong>namque</strong></span> <span class='ocrx_word' id='word_1_228' title='bbox 1007 2966 1129 3030; x_wconf 86' lang='lat' dir='ltr'><strong>quatuor</strong></span> <span class='ocrx_word' id='word_1_229' title='bbox 1142 2978 1223 3029; x_wconf 83' lang='lat' dir='ltr'><strong>supra</strong></span> <span class='ocrx_word' id='word_1_230' title='bbox 1241 2961 1335 3030; x_wconf 74' lang='lat' dir='ltr'><strong>viginti</strong></span> 
     </span>
     <span class='ocr_line' id='line_1_28' title="bbox 257 3015 1337 3098; baseline 0.012 -30"><span class='ocrx_word' id='word_1_231' title='bbox 257 3015 373 3068; x_wconf 78' lang='lat' dir='ltr'><strong>Latinae</strong></span> <span class='ocrx_word' id='word_1_232' title='bbox 398 3032 458 3068; x_wconf 88' lang='lat' dir='ltr'><strong>cum</strong></span> <span class='ocrx_word' id='word_1_233' title='bbox 487 3019 653 3072; x_wconf 83' lang='lat' dir='ltr'><strong>Rhodiorum</strong></span> <span class='ocrx_word' id='word_1_234' title='bbox 672 3031 700 3074; x_wconf 89' lang='lat' dir='ltr'><strong>et</strong></span> <span class='ocrx_word' id='word_1_235' title='bbox 718 3024 832 3076; x_wconf 81' lang='lat' dir='ltr'><strong>aliorum</strong></span> <span class='ocrx_word' id='word_1_236' title='bbox 861 3026 1031 3096; x_wconf 84' lang='lat' dir='ltr'><strong>quorundam</strong></span> <span class='ocrx_word' id='word_1_237' title='bbox 1076 3030 1224 3084; x_wconf 85' lang='lat' dir='ltr'><strong>instructae</strong></span> <span class='ocrx_word' id='word_1_238' title='bbox 1250 3034 1337 3098; x_wconf 77' lang='lat' dir='ltr'><strong>Smyr·</strong></span> 
     </span>
     <span class='ocr_line' id='line_1_29' title="bbox 257 3086 1338 3168; baseline 0.011 -32"><span class='ocrx_word' id='word_1_239' title='bbox 257 3102 321 3137; x_wconf 89' lang='lat' dir='ltr'><strong>nam</strong></span> <span class='ocrx_word' id='word_1_240' title='bbox 343 3086 557 3157; x_wconf 76' lang='lat' dir='ltr'><strong>adnavigarent,</strong></span> <span class='ocrx_word' id='word_1_241' title='bbox 587 3093 784 3162; x_wconf 72' lang='lat' dir='ltr'><strong>castellumque</strong></span> <span class='ocrx_word' id='word_1_242' title='bbox 813 3095 841 3148; x_wconf 87' lang='lat' dir='ltr'><strong>in</strong></span> <span class='ocrx_word' id='word_1_243' title='bbox 860 3106 940 3165; x_wconf 85' lang='lat' dir='ltr'><strong>portu</strong></span> <span class='ocrx_word' id='word_1_244' title='bbox 960 3108 1089 3168; x_wconf 85' lang='lat' dir='ltr'><strong>ceperunt</strong></span> <span class='ocrx_word' id='word_1_245' title='bbox 1107 3109 1135 3152; x_wconf 89' lang='lat' dir='ltr'><strong>et</strong></span> <span class='ocrx_word' id='word_1_246' title='bbox 1152 3117 1234 3152; x_wconf 82' lang='lat' dir='ltr'><strong>naves</strong></span> <span class='ocrx_word' id='word_1_247' title='bbox 1252 3100 1338 3152; x_wconf 83' lang='lat' dir='ltr'><strong>Persi-</strong></span> 
     </span>
     <span class='ocr_line' id='line_1_30' title="bbox 257 3160 1391 3239; baseline 0.012 -32"><span class='ocrx_word' id='word_1_248' title='bbox 257 3172 303 3207; x_wconf 80' lang='grc' dir='ltr'><strong>εει</strong></span> <span class='ocrx_word' id='word_1_249' title='bbox 326 3160 476 3226; x_wconf 74' lang='lat' dir='ltr'>complures</span> <span class='ocrx_word' id='word_1_250' title='bbox 503 3171 672 3213; x_wconf 81' lang='lat' dir='ltr'><strong>exusserunt.</strong></span> <span class='ocrx_word' id='word_1_251' title='bbox 720 3164 845 3216; x_wconf 80' lang='lat' dir='ltr'><strong>Amurius</strong></span> <span class='ocrx_word' id='word_1_252' title='bbox 873 3172 1254 3235; x_wconf 84' lang='lat' dir='ltr'><strong>praeseusactotisriribus</strong></span> <span class='ocrx_word' id='word_1_253' title='bbox 1273 3186 1339 3239; x_wconf 89' lang='lat' dir='ltr'><strong>pro-</strong></span> <span class='ocrx_word' id='word_1_254' title='bbox 1389 3192 1391 3195; x_wconf 95' lang='lat'>·</span> 
     </span>
     <span class='ocr_line' id='line_1_31' title="bbox 257 3228 1339 3310; baseline 0.014 -33"><span class='ocrx_word' id='word_1_255' title='bbox 257 3241 395 3295; x_wconf 76' lang='lat' dir='ltr'><strong>pugnans,</strong></span> <span class='ocrx_word' id='word_1_256' title='bbox 429 3228 542 3283; x_wconf 85' lang='lat' dir='ltr'><strong>Latinos</strong></span> <span class='ocrx_word' id='word_1_257' title='bbox 568 3231 706 3300; x_wconf 77' lang='lat' dir='ltr'><strong>depellere</strong></span> <span class='ocrx_word' id='word_1_258' title='bbox 733 3236 874 3303; x_wconf 86' lang='lat' dir='ltr'><strong>nequivit,</strong></span> <span class='ocrx_word' id='word_1_259' title='bbox 910 3237 960 3308; x_wconf 85' lang='lat' dir='ltr'><strong>qui</strong></span> <span class='ocrx_word' id='word_1_260' title='bbox 986 3256 1071 3310; x_wconf 86' lang='lat' dir='ltr'><strong>usque</strong></span> <span class='ocrx_word' id='word_1_261' title='bbox 1099 3239 1183 3292; x_wconf 84' lang='lat' dir='ltr'><strong>hodie</strong></span> <span class='ocrx_word' id='word_1_262' title='bbox 1208 3242 1339 3307; x_wconf 76' lang='lat' dir='ltr'><strong>Smyrnae</strong></span> 
     </span>
     <span class='ocr_line' id='line_1_32' title="bbox 258 3296 1338 3372; baseline 0.01 -25"><span class='ocrx_word' id='word_1_263' title='bbox 258 3304 369 3364; x_wconf 84' lang='lat' dir='ltr'><strong>portum</strong></span> <span class='ocrx_word' id='word_1_264' title='bbox 397 3296 532 3351; x_wconf 85' lang='lat' dir='ltr'><strong>obtinent</strong></span> <span class='ocrx_word' id='word_1_265' title='bbox 576 3302 676 3352; x_wconf 80' lang='lat' dir='ltr'><strong>Aiebat</strong></span> <span class='ocrx_word' id='word_1_266' title='bbox 702 3311 792 3353; x_wconf 86' lang='lat' dir='ltr'><strong>autem</strong></span> <span class='ocrx_word' id='word_1_267' title='bbox 815 3306 979 3372; x_wconf 87' lang='lat' dir='ltr'><strong>imperator,</strong></span> <span class='ocrx_word' id='word_1_268' title='bbox 1005 3311 1028 3360; x_wconf 85' lang='lat' dir='ltr'><strong>si</strong></span> <span class='ocrx_word' id='word_1_269' title='bbox 1048 3311 1159 3361; x_wconf 76' lang='lat' dir='ltr'><strong>Amurio</strong></span> <span class='ocrx_word' id='word_1_270' title='bbox 1178 3309 1206 3361; x_wconf 90' lang='lat' dir='ltr'><strong>iu</strong></span> <span class='ocrx_word' id='word_1_271' title='bbox 1225 3311 1338 3362; x_wconf 81' lang='lat' dir='ltr'><strong>Thracia</strong></span> 
     </span>
     <span class='ocr_line' id='line_1_33' title="bbox 260 3368 1376 3442; baseline 0.014 -28"><span class='ocrx_word' id='word_1_272' title='bbox 260 3373 385 3417; x_wconf 78' lang='lat' dir='ltr'><strong>versante</strong></span> <span class='ocrx_word' id='word_1_273' title='bbox 402 3368 544 3434; x_wconf 79' lang='lat' dir='ltr'><strong>Smyrnam</strong></span> <span class='ocrx_word' id='word_1_274' title='bbox 564 3374 689 3441; x_wconf 87' lang='lat' dir='ltr'><strong>occupari</strong></span> <span class='ocrx_word' id='word_1_275' title='bbox 713 3374 888 3441; x_wconf 76' lang='lat' dir='ltr'><strong>contigisset,</strong></span> <span class='ocrx_word' id='word_1_276' title='bbox 906 3393 962 3428; x_wconf 87' lang='lat' dir='ltr'><strong>non</strong></span> <span class='ocrx_word' id='word_1_277' title='bbox 983 3386 1069 3429; x_wconf 81' lang='lat' dir='ltr'><strong>semet</strong></span> <span class='ocrx_word' id='word_1_278' title='bbox 1084 3381 1281 3442; x_wconf 87' lang='lat' dir='ltr'><strong>tantummodo,</strong></span> <span class='ocrx_word' id='word_1_279' title='bbox 1293 3379 1340 3431; x_wconf 86' lang='lat' dir='ltr'><strong>sed</strong></span> <span class='ocrx_word' id='word_1_280' title='bbox 1368 3381 1376 3396; x_wconf 82' lang='grc'><em>“</em></span> 
     </span>
     <span class='ocr_line' id='line_1_34' title="bbox 261 3439 1342 3518; baseline 0.019 -35"><span class='ocrx_word' id='word_1_281' title='bbox 261 3450 356 3485; x_wconf 87' lang='lat' dir='ltr'><strong>omnes</strong></span> <span class='ocrx_word' id='word_1_282' title='bbox 384 3439 511 3490; x_wconf 85' lang='lat' dir='ltr'><strong>mortales</strong></span> <span class='ocrx_word' id='word_1_283' title='bbox 537 3441 677 3493; x_wconf 79' lang='lat' dir='ltr'><strong>Amuriurn</strong></span> <span class='ocrx_word' id='word_1_284' title='bbox 695 3458 760 3511; x_wconf 88' lang='lat' dir='ltr'><strong>prae</strong></span> <span class='ocrx_word' id='word_1_285' title='bbox 778 3444 862 3495; x_wconf 89' lang='lat' dir='ltr'><strong>nimio</strong></span> <span class='ocrx_word' id='word_1_286' title='bbox 882 3460 942 3515; x_wconf 78' lang='lat' dir='ltr'><strong>erga</strong></span> <span class='ocrx_word' id='word_1_287' title='bbox 968 3449 1157 3518; x_wconf 80' lang='lat' dir='ltr'><strong>imperatorem</strong></span> <span class='ocrx_word' id='word_1_288' title='bbox 1174 3467 1267 3502; x_wconf 85' lang='lat' dir='ltr'><strong>amore</strong></span> <span class='ocrx_word' id='word_1_289' title='bbox 1284 3466 1342 3502; x_wconf 81' lang='lat' dir='ltr'><strong>eam</strong></span> 
     </span>
     <span class='ocr_line' id='line_1_35' title="bbox 260 3504 1340 3588; baseline 0.016 -36"><span class='ocrx_word' id='word_1_290' title='bbox 260 3504 415 3572; x_wconf 71' lang='lat' dir='ltr'><strong>perdidisse</strong></span> <span class='ocrx_word' id='word_1_291' title='bbox 441 3510 624 3577; x_wconf 86' lang='lat' dir='ltr'><strong>suspicaturus</strong></span> <span class='ocrx_word' id='word_1_292' title='bbox 652 3513 746 3568; x_wconf 83' lang='lat' dir='ltr'><strong>luisse.</strong></span> <span class='ocrx_word' id='word_1_293' title='bbox 781 3513 858 3564; x_wconf 88' lang='lat' dir='ltr'><strong>Nunc</strong></span> <span class='ocrx_word' id='word_1_294' title='bbox 877 3516 1005 3584; x_wconf 87' lang='lat' dir='ltr'><strong>quonlam</strong></span> <span class='ocrx_word' id='word_1_295' title='bbox 1027 3519 1085 3587; x_wconf 87' lang='lat' dir='ltr'><strong>ipse</strong></span> <span class='ocrx_word' id='word_1_296' title='bbox 1104 3536 1165 3573; x_wconf 87' lang='lat' dir='ltr'><strong>cum</strong></span> <span class='ocrx_word' id='word_1_297' title='bbox 1183 3523 1239 3573; x_wconf 87' lang='lat' dir='ltr'><strong>suis</strong></span> <span class='ocrx_word' id='word_1_298' title='bbox 1259 3520 1340 3588; x_wconf 82' lang='lat' dir='ltr'><strong>copiis</strong></span> 
     </span>
     <span class='ocr_line' id='line_1_36' title="bbox 261 3574 1342 3660; baseline 0.021 -39"><span class='ocrx_word' id='word_1_299' title='bbox 261 3581 370 3641; x_wconf 81' lang='lat' dir='ltr'><strong>praesto</strong></span> <span class='ocrx_word' id='word_1_300' title='bbox 400 3574 500 3639; x_wconf 87' lang='lat' dir='ltr'><strong>luerit,</strong></span> <span class='ocrx_word' id='word_1_301' title='bbox 529 3580 631 3630; x_wconf 83' lang='lat' dir='ltr'><strong>nullam</strong></span> <span class='ocrx_word' id='word_1_302' title='bbox 659 3597 688 3631; x_wconf 88' lang='grc' dir='ltr'><strong><em>ιο</em></strong></span> <span class='ocrx_word' id='word_1_303' title='bbox 707 3590 803 3649; x_wconf 89' lang='lat' dir='ltr'><strong>captae</strong></span> <span class='ocrx_word' id='word_1_304' title='bbox 822 3585 940 3637; x_wconf 79' lang='lat' dir='ltr'><strong>civitatis</strong></span> <span class='ocrx_word' id='word_1_305' title='bbox 961 3589 1067 3656; x_wconf 86' lang='lat' dir='ltr'><strong>culpam</strong></span> <span class='ocrx_word' id='word_1_306' title='bbox 1086 3593 1230 3644; x_wconf 85' lang='lat' dir='ltr'><strong>sustinere.</strong></span> <span class='ocrx_word' id='word_1_307' title='bbox 1267 3591 1342 3660; x_wconf 85' lang='lat' dir='ltr'><strong>Quo·</strong></span> 
     </span>
     <span class='ocr_line' id='line_1_37' title="bbox 263 3643 1343 3778; baseline 0.019 -85"><span class='ocrx_word' id='word_1_308' title='bbox 263 3643 336 3693; x_wconf 86' lang='lat' dir='ltr'><strong>circa</strong></span> <span class='ocrx_word' id='word_1_309' title='bbox 366 3644 425 3694; x_wconf 90' lang='lat' dir='ltr'><strong>Deo</strong></span> <span class='ocrx_word' id='word_1_310' title='bbox 455 3655 582 3714; x_wconf 79' lang='lat' dir='ltr'><strong>expertae</strong></span> <span class='ocrx_word' id='word_1_311' title='bbox 613 3651 818 3718; x_wconf 72' lang='lat' dir='ltr'><strong>procurationis*</strong></span> <span class='ocrx_word' id='word_1_312' title='bbox 844 3658 941 3721; x_wconf 80' lang='lat' dir='ltr'><strong>gratias</strong></span> <span class='ocrx_word' id='word_1_313' title='bbox 973 3659 1123 3728; x_wconf 73' lang='lat' dir='ltr'><strong>singulares</strong></span> <span class='ocrx_word' id='word_1_314' title='bbox 1147 3659 1261 3730; x_wconf 85' lang='lat' dir='ltr'><strong>agebat,</strong></span> <span class='ocrx_word' id='word_1_315' title='bbox 1294 3660 1343 3778; x_wconf 78' lang='grc' dir='ltr'><strong>(ηυί</strong></span> 
     </span>
     <span class='ocr_line' id='line_1_38' title="bbox 264 3712 1347 3798; baseline 0.02 -37"><span class='ocrx_word' id='word_1_316' title='bbox 264 3712 349 3762; x_wconf 85' lang='lat' dir='ltr'><strong>etiam</strong></span> <span class='ocrx_word' id='word_1_317' title='bbox 379 3730 450 3783; x_wconf 89' lang='lat' dir='ltr'><strong>quae</strong></span> <span class='ocrx_word' id='word_1_318' title='bbox 477 3718 590 3769; x_wconf 83' lang='lat' dir='ltr'><strong>molesta</strong></span> <span class='ocrx_word' id='word_1_319' title='bbox 612 3727 695 3788; x_wconf 90' lang='lat' dir='ltr'><strong>atque</strong></span> <span class='ocrx_word' id='word_1_320' title='bbox 724 3720 819 3771; x_wconf 88' lang='lat' dir='ltr'><strong>odiosa</strong></span> <span class='ocrx_word' id='word_1_321' title='bbox 839 3723 967 3777; x_wconf 79' lang='lat' dir='ltr'><strong>ridentur</strong></span> <span class='ocrx_word' id='word_1_322' title='bbox 997 3728 1135 3792; x_wconf 83' lang='lat' dir='ltr'><strong>accidere,</strong></span> <span class='ocrx_word' id='word_1_323' title='bbox 1167 3741 1289 3798; x_wconf 85' lang='lat' dir='ltr'><strong>tempore</strong></span> <span class='ocrx_word' id='word_1_324' title='bbox 1317 3746 1347 3779; x_wconf 89' lang='lat' dir='ltr'><strong>a·</strong></span> 
     </span>
     <span class='ocr_line' id='line_1_39' title="bbox 262 3780 1346 3852; baseline 0.017 -20"><span class='ocrx_word' id='word_1_325' title='bbox 262 3780 348 3832; x_wconf 83' lang='lat' dir='ltr'><strong>beate</strong></span> <span class='ocrx_word' id='word_1_326' title='bbox 374 3784 407 3833; x_wconf 88' lang='lat' dir='ltr'><strong>ad</strong></span> <span class='ocrx_word' id='word_1_327' title='bbox 440 3786 588 3839; x_wconf 84' lang='lat' dir='ltr'><strong>utilitatem</strong></span> <span class='ocrx_word' id='word_1_328' title='bbox 613 3790 761 3841; x_wconf 89' lang='lat' dir='ltr'><strong>constituta</strong></span> <span class='ocrx_word' id='word_1_329' title='bbox 795 3798 824 3841; x_wconf 86' lang='lat' dir='ltr'><strong>et</strong></span> <span class='ocrx_word' id='word_1_330' title='bbox 849 3793 1036 3849; x_wconf 85' lang='lat' dir='ltr'><strong>administrata</strong></span> <span class='ocrx_word' id='word_1_331' title='bbox 1062 3798 1145 3852; x_wconf 81' lang='lat' dir='ltr'><strong>luisse</strong></span> <span class='ocrx_word' id='word_1_332' title='bbox 1171 3802 1346 3852; x_wconf 80' lang='lat' dir='ltr'><strong>demonstrat</strong></span> 
     </span>
     <span class='ocr_line' id='line_1_40' title="bbox 265 3850 1347 3928; baseline 0.012 -25"><span class='ocrx_word' id='word_1_333' title='bbox 265 3850 320 3903; x_wconf 81' lang='lat' dir='ltr'><strong>Sed</strong></span> <span class='ocrx_word' id='word_1_334' title='bbox 347 3850 382 3903; x_wconf 91' lang='lat' dir='ltr'><strong>de</strong></span> <span class='ocrx_word' id='word_1_335' title='bbox 402 3852 445 3904; x_wconf 84' lang='lat' dir='ltr'><strong>his</strong></span> <span class='ocrx_word' id='word_1_336' title='bbox 463 3858 545 3922; x_wconf 90' lang='lat' dir='ltr'><strong>paulo</strong></span> <span class='ocrx_word' id='word_1_337' title='bbox 562 3866 626 3928; x_wconf 91' lang='lat' dir='ltr'><strong>post</strong></span> <span class='ocrx_word' id='word_1_338' title='bbox 643 3859 770 3910; x_wconf 88' lang='lat' dir='ltr'><strong>dicemus.</strong></span> <span class='ocrx_word' id='word_1_339' title='bbox 800 3862 862 3914; x_wconf 83' lang='lat' dir='ltr'><strong>Post</strong></span> <span class='ocrx_word' id='word_1_340' title='bbox 879 3864 1025 3926; x_wconf 87' lang='lat' dir='ltr'><strong>discessum</strong></span> <span class='ocrx_word' id='word_1_341' title='bbox 1043 3869 1149 3922; x_wconf 80' lang='lat' dir='ltr'><strong>Amurii</strong></span> <span class='ocrx_word' id='word_1_342' title='bbox 1166 3870 1198 3922; x_wconf 83' lang='lat' dir='ltr'><strong>ab</strong></span> <span class='ocrx_word' id='word_1_343' title='bbox 1216 3868 1347 3920; x_wconf 83' lang='lat' dir='ltr'><strong>omnibus</strong></span> 
     </span>
     <span class='ocr_line' id='line_1_41' title="bbox 264 3919 1348 4000; baseline 0.014 -28"><span class='ocrx_word' id='word_1_344' title='bbox 264 3919 390 3973; x_wconf 83' lang='lat' dir='ltr'><strong>finitimis</strong></span> <span class='ocrx_word' id='word_1_345' title='bbox 410 3927 481 3992; x_wconf 72' lang='lat' dir='ltr'><strong>gravi</strong></span> <span class='ocrx_word' id='word_1_346' title='bbox 501 3935 529 3977; x_wconf 91' lang='lat' dir='ltr'><strong>et</strong></span> <span class='ocrx_word' id='word_1_347' title='bbox 545 3929 700 3995; x_wconf 88' lang='lat' dir='ltr'><strong>periculoso</strong></span> <span class='ocrx_word' id='word_1_348' title='bbox 717 3930 793 3982; x_wconf 86' lang='lat' dir='ltr'><strong>bello</strong></span> <span class='ocrx_word' id='word_1_349' title='bbox 812 3942 930 4000; x_wconf 80' lang='lat' dir='ltr'><strong>urgetur.</strong></span> <span class='ocrx_word' id='word_1_350' title='bbox 967 3938 1035 3987; x_wconf 86' lang='lat' dir='ltr'><strong>Nam</strong></span> <span class='ocrx_word' id='word_1_351' title='bbox 1054 3938 1146 3992; x_wconf 83' lang='lat' dir='ltr'><strong>Crates</strong></span> <span class='ocrx_word' id='word_1_352' title='bbox 1164 3957 1222 3991; x_wconf 88' lang='lat' dir='ltr'><strong>cum</strong></span> <span class='ocrx_word' id='word_1_353' title='bbox 1246 3938 1348 3990; x_wconf 87' lang='lat' dir='ltr'><strong>robore</strong></span> 
     </span>
     <span class='ocr_line' id='line_1_42' title="bbox 264 3993 1349 4070; baseline 0.016 -28"><span class='ocrx_word' id='word_1_354' title='bbox 264 3993 399 4042; x_wconf 79' lang='lat' dir='ltr'><strong>exereitus</strong></span> <span class='ocrx_word' id='word_1_355' title='bbox 418 3995 460 4044; x_wconf 88' lang='lat' dir='ltr'><strong>sui</strong></span> <span class='ocrx_word' id='word_1_356' title='bbox 476 3995 587 4048; x_wconf 86' lang='lat' dir='ltr'><strong>Ziehuas</strong></span> <span class='ocrx_word' id='word_1_357' title='bbox 606 4014 694 4067; x_wconf 82' lang='lat' dir='ltr'><strong>usque</strong></span> <span class='ocrx_word' id='word_1_358' title='bbox 711 4016 867 4068; x_wconf 81' lang='lat' dir='ltr'><strong>progressus</strong></span> <span class='ocrx_word' id='word_1_359' title='bbox 886 4012 927 4054; x_wconf 86' lang='lat' dir='ltr'><strong>est</strong></span> <span class='ocrx_word' id='word_1_360' title='bbox 952 4023 984 4058; x_wconf 87' lang='lat' dir='ltr'><strong>eo</strong></span> <span class='ocrx_word' id='word_1_361' title='bbox 1009 4011 1143 4070; x_wconf 87' lang='lat' dir='ltr'><strong>consilio,</strong></span> <span class='ocrx_word' id='word_1_362' title='bbox 1172 4018 1203 4062; x_wconf 90' lang='lat' dir='ltr'><strong>ut</strong></span> <span class='ocrx_word' id='word_1_363' title='bbox 1228 4026 1291 4060; x_wconf 90' lang='lat' dir='ltr'><strong>eum</strong></span> <span class='ocrx_word' id='word_1_364' title='bbox 1318 4010 1349 4059; x_wconf 88' lang='lat' dir='ltr'><strong>in</strong></span> 
     </span>
     <span class='ocr_line' id='line_1_43' title="bbox 264 4059 1348 4149; baseline 0.016 -36"><span class='ocrx_word' id='word_1_365' title='bbox 264 4059 381 4113; x_wconf 79' lang='lat' dir='ltr'><strong>&#39;lirraeia</strong></span> <span class='ocrx_word' id='word_1_366' title='bbox 402 4062 570 4129; x_wconf 83' lang='lat' dir='ltr'><strong>adoriretur,</strong></span> <span class='ocrx_word' id='word_1_367' title='bbox 589 4076 617 4119; x_wconf 87' lang='lat' dir='ltr'><strong>et</strong></span> <span class='ocrx_word' id='word_1_368' title='bbox 634 4069 790 4121; x_wconf 86' lang='lat' dir='ltr'><strong>Moesorum</strong></span> <span class='ocrx_word' id='word_1_369' title='bbox 809 4086 857 4122; x_wconf 84' lang='lat' dir='ltr'><strong>rex</strong></span> <span class='ocrx_word' id='word_1_370' title='bbox 880 4074 1047 4140; x_wconf 78' lang='lat' dir='ltr'><strong>Alexander,</strong></span> <span class='ocrx_word' id='word_1_371' title='bbox 1065 4080 1203 4149; x_wconf 86' lang='lat' dir='ltr'><strong>quidquid</strong></span> <span class='ocrx_word' id='word_1_372' title='bbox 1228 4078 1348 4130; x_wconf 84' lang='lat' dir='ltr'><strong>habebat</strong></span> 
     </span>
     <span class='ocr_line' id='line_1_44' title="bbox 265 4133 1346 4219; baseline 0.018 -37"><span class='ocrx_word' id='word_1_373' title='bbox 265 4133 415 4200; x_wconf 80' lang='lat' dir='ltr'><strong>copiarum,</strong></span> <span class='ocrx_word' id='word_1_374' title='bbox 433 4134 575 4192; x_wconf 87' lang='lat' dir='ltr'><strong>Stilbuuru¹</strong></span> <span class='ocrx_word' id='word_1_375' title='bbox 589 4136 712 4201; x_wconf 84' lang='lat' dir='ltr'><strong>adduxit,</strong></span> <span class='ocrx_word' id='word_1_376' title='bbox 731 4140 888 4206; x_wconf 77' lang='lat' dir='ltr'><strong>Palaeologo</strong></span> <span class='ocrx_word' id='word_1_377' title='bbox 908 4145 998 4198; x_wconf 83' lang='lat' dir='ltr'><strong>iuveni</strong></span> <span class='ocrx_word' id='word_1_378' title='bbox 1020 4150 1202 4219; x_wconf 81' lang='lat' dir='ltr'><strong>imperatori,</strong></span> <span class='ocrx_word' id='word_1_379' title='bbox 1224 4148 1253 4200; x_wconf 91' lang='lat' dir='ltr'><strong>id</strong></span> <span class='ocrx_word' id='word_1_380' title='bbox 1272 4147 1346 4219; x_wconf 88' lang='lat' dir='ltr'><strong>quod</strong></span> 
     </span>
     <span class='ocr_line' id='line_1_45' title="bbox 265 4201 1347 4286; baseline 0.018 -35"><span class='ocrx_word' id='word_1_381' title='bbox 265 4201 466 4272; x_wconf 78' lang='lat' dir='ltr'><strong>spoponderat,</strong></span> <span class='ocrx_word' id='word_1_382' title='bbox 495 4206 598 4261; x_wconf 81' lang='lat' dir='ltr'><strong>auxilio</strong></span> <span class='ocrx_word' id='word_1_383' title='bbox 625 4206 740 4263; x_wconf 86' lang='lat' dir='ltr'><strong>iuturus.</strong></span> <span class='ocrx_word' id='word_1_384' title='bbox 784 4211 939 4268; x_wconf 84' lang='lat' dir='ltr'><strong>Patriarcha</strong></span> <span class='ocrx_word' id='word_1_385' title='bbox 965 4226 1169 4286; x_wconf 80' lang='lat' dir='ltr'><strong>autem,rocat0</strong></span> <span class='ocrx_word' id='word_1_386' title='bbox 1188 4224 1220 4275; x_wconf 89' lang='lat' dir='ltr'><strong>in</strong></span> <span class='ocrx_word' id='word_1_387' title='bbox 1238 4221 1347 4274; x_wconf 85' lang='lat' dir='ltr'><strong>concio-</strong></span> 
     </span>
    </p>
   </div>
   <div class='ocr_carea' id='block_1_5' title="bbox 0 0 1510 4700">
    <p class='ocr_par' dir='ltr' id='par_1_6' title="bbox 0 0 1510 4700">
     <span class='ocr_line' id='line_1_46' title="bbox 0 0 1510 4700; baseline 0 0"><span class='ocrx_word' id='word_1_388' title='bbox 0 0 1510 4700; x_wconf 95' lang='lat' dir='ltr'><strong> </strong></span> 
     </span>
    </p>
   </div>
  </div>
 </body>
</html>
