2934 4700
439 293 723 360 ursaoamuuu
754 299 809 359 ur.
833 293 910 369 usp
984 327 988 334 -
1141 298 1221 374 αττ

142 448 332 530 κηδεμονίας
354 444 418 508 τάν
438 440 490 507 διά
513 441 570 506 τόν
588 438 723 524 πόλεμον
744 441 929 528 άπανταχού
956 445 1299 528 διαφθειρομένανλ.0.
1311 460 1375 530 siis

142 542 321 626 ανθρώπων
342 539 524 606 οἷναιτίιυν.Η
544 539 624 623 πρὸς
644 544 748 605 ταῦτα
769 545 894 623 βασιλίς
913 544 974 622 μὲν
995 543 1090 606 οὐδὲν
1110 541 1231 624 ἔπασχε

144 639 256 721 δεινδν,
284 636 367 704 α’λλά
390 643 444 702 καί
461 637 542 704 κατά
562 638 688 724 γνώμην
706 628 785 727 ηἴετο
807 641 958 724 εἰρῆσθαι
979 641 1062 728 αὐτῇ
1083 638 1159 716 τούς
1180 639 1233 705 id-

142 763 226 824 γους.
267 735 385 822 πολλὴν
413 734 475 822 γάρ
503 735 702 823 πατριάρχου
730 737 786 802 καί
814 743 877 804 τῶν
906 732 1011 803 ἄλλων
1038 742 1256 822 πανουργίανλ)

123 836 195 902 δεταί
216 832 342 922 άπάτην
362 838 571 920 καταγνοῦσα,
594 835 756 915 ἔσπευδεν,
780 839 810 903 εἰ
841 834 969 902 δύναιτο
989 837 1091 928 τρύπιρ
1116 837 1156 923 δή
1176 863 1237 905 τινι

140 935 193 1004 τὸν
223 940 361 1018 πόλεμον
384 933 599 1017 καταλύσασα,
620 935 759 1013 σπονδάς
779 933 856 1021 πρὸς
875 939 1009 1017 βασιλέα
1029 937 1082 1001 τὸν
1108 941 1235 1003 Καντα-

142 1033 293 1120 κουζηνὸν
312 1038 432 1108 θέσθαι
453 1034 527 1118 περί
545 1034 678 1120 εἰρήνης.
699 1036 867 1119 εἰργομένη
896 1037 932 1100 δὲ
952 1032 1014 1098 dud
1033 1039 1095 1100 τῶν
1115 1030 1236 1121 ὅρκων,

142 1129 190 1211 οἷς
212 1133 373 1218 ὑπήγαγον
394 1129 663 1217 ἐξαπατήσαντες,
685 1132 750 1212 ὥς,
772 1134 802 1197 εἰ
817 1132 864 1217 μη
886 1136 982 1198 πᾶσιν
1001 1131 1126 1216 αἱρετέα
1146 1131 1194 1217 εἴη
1215 1124 1236 1217 ἦ

144 1233 268 1318 εἰρήνη,
298 1235 373 1315 μηδ’
403 1229 504 1315 αδτην
534 1232 805 1319 ἐπιψηφίζεσθαι,
826 1231 883 1319 την
902 1232 938 1296 έν
957 1233 1012 1317 τῆς
1031 1233 1151 1315 βουλῆς
1173 1235 1238 1318 ψη·

106 1349 209 1422 ιοφον
230 1334 406 1415 α’ναγναίιος
429 1333 602 1416 περιέμενε.
1246 1371 1248 1376 ,

233 1434 279 1494 λε’.
317 1428 526 1515 Πατριάρχης
548 1432 583 1494 δὲ
605 1433 660 1496 καί
678 1430 699 1514 ἦ
722 1432 905 1511 συνωμοσίαν
925 1431 959 1496 έν
980 1432 1071 1519 decipi
1090 1426 1230 1513 μάλιστα
1242 1443 1267 1494 Ρ.
1276 1442 1327 1513 463

147 1533 286 1597 ἐτίθεντο
304 1527 342 1593 τά
364 1533 513 1612 εἰρημένα
534 1530 590 1593 καί
609 1528 665 1593 τὸν
683 1527 818 1613 ἔσχατον
843 1522 940 1619 ᾤοντο
960 1527 1103 1595 κίνδυνον
1123 1529 1333 1611 adeodathi

148 1625 285 1710 ἐπάγειν.
316 1629 485 1713 προφανῶς
498 1627 558 1706 μὲν
579 1620 638 1692 oda
658 1625 738 1713 πρὸς
759 1625 819 1711 την
839 1624 964 1713 εἰρήνην
986 1628 1154 1710 ἀντιλέγειν
1174 1621 1236 1710 οδχ
1367 1627 1372 1630 ’

148 1724 264 1808 ι’ταμὸν
282 1724 398 1808 μόνον,
420 1725 501 1789 άλλά
524 1730 579 1790 καί
600 1726 843 1811 φιλομόχθηρον
862 1727 975 1797 ἐδόκει.
1004 1730 1261 1814 contumacius

106 1827 176 1895 1ᾶεί
194 1824 338 1889 δύναιντο
358 1822 463 1912 τρόπφ
486 1823 525 1908 δη’
548 1849 611 1888 τινι
631 1820 726 1913 ἑτέριρ
747 1830 810 1889 τῶν
829 1823 977 1908 μοναχαῖν
1004 1822 1060 1911 ’την
1081 1824 1236 1892 ὁτίόνοιαν

143 1928 320 2007 πειρᾶσθαι
348 1921 499 1987 διαλύειν.
541 1924 596 1987 καί
623 1923 692 1989 τότε
726 1926 786 2006 μὲν
817 1925 1035 2001 ἐπαινέσαντες
1063 1923 1120 2009 τὴν
1149 1926 1229 2012 ύπὲρ

144 2027 202 2088 τοῦ
222 2025 330 2086 κοινοῦ
348 2017 508 2106 σπουδην,
540 2024 683 2087 ἐκέλευον
698 2031 701 2036 ’
716 2019 902 2107 α’ναπαύλης
934 2023 1020 2099 τινὸς
1045 2024 1231 2109 τυγχάνειν,

144 2122 200 2187 τὸν
230 2125 267 2188 ἐκ
296 2125 353 2205 τῆς
382 2119 562 2202 ὁδοιπορίας
585 2119 680 2185 πόνον
710 2122 963 2202 ἀποτιθεμένους.
1005 2118 1135 2207 ὕστερον
1149 2127 1183 2188 δὲ
1204 2127 1238 2187 ε’-

144 2224 350 2306 πηγγέλλοντο
372 2222 589 2302 σκεψαμένους
609 2218 683 2303 περί
700 2210 746 2283 ὧν
768 2215 881 2303 ἥκουσι
895 2216 954 2301 την
983 2221 1155 2304 οἰπολογίαν
1173 2248 1237 2285 πα-

107 2328 287 2406 αορασχεῖν.
329 2317 506 2396 ξενίζεσθαι
526 2320 562 2383 δὲ
583 2321 641 2382 ούκ
670 2317 782 2382 εἴασαν
802 2319 857 2381 ε’πί
874 2314 1013 2401 ταάτὸν,
1049 2321 1118 2384 ἀλλ’
1141 2313 1237 2385 άλλον

146 2414 258 2483 άλλοσε
279 2419 484 2501 διέσπειραν,
515 2417 558 2492 ὠς
588 2413 628 2481 άν
651 2422 691 2504 τῇ
712 2415 876 2482 διαστάσει
902 2417 964 2482 τῶν
999 2416 1153 2500 σωμάτων
1183 2419 1237 2485 καί

147 2529 218 2593 ταῖς
237 2516 378 2600 γνώμαις
399 2520 580 2597 διαστῶσιν,
601 2516 794 2600 ὑποσχέσεσι
815 2517 871 2581 καί
890 2515 993 2601 λύγοις
1020 2521 1087 2606 ἰδιρι
1107 2522 1238 2597 ἕκαστος

149 2621 390 2701 διαφθαρέντες.
434 2619 569 2699 ἐτρίβετο
594 2618 655 2697 μὲν
676 2611 734 2680 adv
757 2614 773 2679 ὁ
795 2617 909 2701 χρόνος
934 2617 989 2681 κατ’
1007 2615 1142 2701 ούδεμία
1174 2623 1237 2686 τῶν

151 2717 319 2800 εἰρημένων
347 2709 387 2799 ἦν
408 2714 554 2801 φροντίς,
584 2710 661 2780 οὐδέ
680 2740 728 2792 τις
749 2718 840 2799 λόγος
858 2718 976 2799 ἐγίνετο
996 2718 1058 2784 τῶν
1078 2724 1268 2803 staingaden

147 2956 201 3010 hoc
220 2956 295 3008 bcilo
315 2959 420 3030 ubique
437 2959 630 3030 percuntium,
649 2958 739 3028 dignis
758 2960 903 3030 gratiaram
921 2958 1076 3013 actionibus
1099 2958 1239 3013 collaude-

147 3027 225 3079 mini.
263 3027 334 3081 Haec
358 3032 445 3080 oratio
471 3032 607 3097 Augustae
629 3046 685 3080 aon
710 3031 841 3092 molesta,
867 3030 916 3081 sed
941 3037 1014 3099 grata
1032 3029 1121 3098 potius
1148 3037 1176 3082 ct
1201 3029 1237 3081 ab

148 3101 208 3150 eius
227 3109 320 3151 mente
346 3099 420 3151 haud
444 3100 534 3151 aliena
555 3100 662 3152 accidit
698 3101 765 3152 Nam
783 3117 843 3152 cum
867 3100 1050 3168 patriarcham
1078 3108 1237 3168 ceterosque

147 3170 232 3220 sciret
250 3186 308 3222 esse
326 3172 484 3223 vaferrimos
503 3188 534 3222 ac
553 3171 841 3234 srarrduieatissimos,
869 3169 1014 3233 studebat,
1039 3171 1062 3221 si
1081 3185 1136 3240 quo
1155 3171 1237 3222 modo

147 3245 258 3306 posset,
293 3239 366 3291 ballo
386 3241 537 3304 dissoluto,
565 3258 626 3292 cum
646 3241 835 3293 Cautacuzcno
852 3256 946 3310 pacem
972 3249 1001 3294 et
1018 3238 1115 3293 foedus
1134 3244 1238 3295 consti·

146 3317 234 3360 tuere.
272 3310 412 3378 Religione
429 3320 520 3362 autem
539 3312 684 3363 iuramenti
706 3311 853 3382 impedita,
872 3329 924 3381 qua
944 3329 994 3381 per
1013 3311 1106 3363 dolum
1124 3310 1158 3361 ab
1181 3313 1237 3367 iilis

148 3379 270 3450 obligata
288 3380 392 3442 fuerat,
418 3390 451 3432 ut
473 3397 591 3450 nempe,
616 3382 670 3434 nisi
689 3382 815 3434 omnibns
836 3383 990 3451 expetenda
1007 3398 1061 3451 pax
1082 3378 1240 3445 videretur,

148 3467 199 3503 acc
217 3453 278 3520 ipsa
297 3467 355 3502 eam
375 3455 509 3512 sanciret,
528 3452 637 3504 concilii
658 3454 821 3504 sententiam
840 3454 991 3504 necessario
1011 3451 1193 3521 exspectabat.

218 3522 261 3574 35.
297 3523 333 3573 dt
349 3520 504 3590 patriarcha
525 3530 553 3573 ot
572 3524 705 3575 coniurati
723 3522 917 3576 monachorum
935 3522 1033 3586 dictis,
1061 3523 1163 3594 quibus
1183 3522 1238 3575 sibi

148 3592 264 3642 esitium
282 3594 372 3660 parari
391 3591 544 3653 ducebant,
562 3594 718 3660 gravissime
737 3596 851 3658 offensi,
877 3611 971 3663 pacem
989 3593 1134 3647 manifeste
1152 3609 1239 3663 repu-

148 3661 226 3713 diare
246 3678 302 3712 non
321 3662 471 3724 audebunt,
490 3678 526 3714 ne
545 3679 601 3712 non
620 3663 794 3731 impudentes
814 3663 913 3726 modo,
932 3664 980 3716 sed
1001 3666 1083 3716 etism
1100 3664 1134 3716 de
1153 3664 1238 3717 indu-

147 3734 213 3784 stria
239 3730 356 3800 improbi
381 3733 547 3784 viderentur.
584 3733 848 3801 circumspiciebant
874 3740 984 3794 autem,
1001 3737 1024 3787 si
1048 3750 1103 3855 ιηαε
1122 3735 1164 3786 νΙε
1191 3750 1239 3788 co·

145 3801 271 3853 rumdam
289 3802 461 3855 concordiam
480 3803 606 3854 dirimere
625 3811 742 3871 possent
780 3808 816 3856 Ac
832 3813 897 3856 tunc
911 3804 1043 3874 quidem,
1073 3803 1173 3857 audate
1193 3820 1240 3856 eo·

147 3889 205 3925 raro
227 3871 315 3925 officio
332 3890 382 3941 pro
400 3890 430 3925 re
447 3872 575 3941 publica,
600 3880 631 3923 at
648 3874 731 3926 fessos
750 3874 784 3925 de
800 3876 918 3936 itinere,
936 3875 1108 3949 aliquantum
1125 3878 1240 3945 requie·

147 3944 396 4004 secretariorum,
421 3944 626 4011 promittentes,
653 3952 748 4014 postca
767 3960 795 3995 sc
813 3945 934 4007 visuros,
961 3945 1031 4014 qaid
1051 3948 1092 3998 cis
1115 3948 1240 4015 responsi

148 4012 252 4070 darent.
289 4013 430 4065 Divertere
455 4030 534 4081 porro
559 4029 653 4065 omnes
681 4013 779 4067 eodem
810 4031 866 4065 noa
891 4015 1028 4077 sinentes,
1055 4016 1139 4067 alium
1170 4012 1240 4066 alibi

149 4083 332 4145 collocabant,
360 4092 392 4135 ut
415 4082 645 4154 quemadmodum
671 4083 846 4154 corporibus,
872 4083 911 4135 sic
929 4086 1027 4138 animis
1047 4100 1157 4156 quoquc
1176 4101 1240 4154 pro·

149 4153 235 4205 missis
263 4162 292 4206 et
316 4152 459 4206 blanditiis
481 4168 601 4205 seorsum
627 4154 816 4223 unusquisque
842 4164 1003 4225 corruptus,
1040 4162 1239 4224 separarentur.

150 4222 267 4280 ruebas
282 4225 369 4297 igitar
384 4231 491 4296 tempas
508 4231 538 4275 et
549 4222 623 4277 dicta
641 4224 672 4277 in
688 4231 784 4277 ventos
801 4231 987 4290 recesserant,
1004 4240 1095 4297 aequa
1112 4224 1239 4279 monachi
