<?xml version="1.0" encoding="UTF-8"?>
<!DOCTYPE html PUBLIC "-//W3C//DTD XHTML 1.0 Transitional//EN"
    "http://www.w3.org/TR/xhtml1/DTD/xhtml1-transitional.dtd">
<html xmlns="http://www.w3.org/1999/xhtml" xml:lang="en" lang="en">
 <head>
  <title>
</title>
<meta http-equiv="Content-Type" content="text/html;charset=utf-8" />
  <meta name='ocr-system' content='tesseract 3.04.00' />
  <meta name='ocr-capabilities' content='ocr_page ocr_carea ocr_par ocr_line ocrx_word'/>
</head>
<body>
  <div class='ocr_page' id='page_1' title='image "./ioanniscantacuz02joangoog_0492.png"; bbox 0 0 2934 4700; ppageno 0'>
   <div class='ocr_carea' id='block_1_1' title="bbox 227 230 906 339">
    <p class='ocr_par' dir='ltr' id='par_1_1' title="bbox 227 230 906 339">
     <span class='ocr_line' id='line_1_1' title="bbox 227 230 906 339; baseline 0.015 -20"><span class='ocrx_word' id='word_1_1' title='bbox 227 230 316 339; x_wconf 73' lang='lat' dir='ltr'><strong>ttss</strong></span> <span class='ocrx_word' id='word_1_2' title='bbox 627 254 906 329; x_wconf 77' lang='lat' dir='ltr'><strong>murmurum</strong></span> 
     </span>
    </p>
   </div>
   <div class='ocr_carea' id='block_1_2' title="bbox 81 403 1356 2774">
    <p class='ocr_par' dir='ltr' id='par_1_2' title="bbox 81 403 1356 2774">
     <span class='ocr_line' id='line_1_2' title="bbox 81 403 1315 504; baseline -0.002 -22"><span class='ocrx_word' id='word_1_3' title='bbox 81 416 289 496; x_wconf 62' lang='lat' dir='ltr'><strong>marmoris</strong></span> <span class='ocrx_word' id='word_1_4' title='bbox 317 416 376 497; x_wconf 73' lang='grc' dir='ltr'><strong><em>μὲν</em></strong></span> <span class='ocrx_word' id='word_1_5' title='bbox 403 403 522 479; x_wconf 60' lang='lat' dir='ltr'><strong>dmm</strong></span> <span class='ocrx_word' id='word_1_6' title='bbox 553 410 630 489; x_wconf 85' lang='grc' dir='ltr'><strong><em>τούς</em></strong></span> <span class='ocrx_word' id='word_1_7' title='bbox 653 413 802 500; x_wconf 71' lang='grc' dir='ltr'><strong><em>πρέσβεις</em></strong></span> <span class='ocrx_word' id='word_1_8' title='bbox 826 406 1012 497; x_wconf 77' lang='grc' dir='ltr'><strong><em>ἆναταύλης</em></strong></span> <span class='ocrx_word' id='word_1_9' title='bbox 1030 410 1113 490; x_wconf 81' lang='grc' dir='ltr'><strong><em>τινύς</em></strong></span> <span class='ocrx_word' id='word_1_10' title='bbox 1130 418 1240 498; x_wconf 61' lang='lat' dir='ltr'><strong>augeb</strong></span> <span class='ocrx_word' id='word_1_11' title='bbox 1257 416 1315 504; x_wconf 62' lang='grc' dir='ltr'><strong><em>λη’</em></strong></span> 
     </span>
     <span class='ocr_line' id='line_1_3' title="bbox 227 486 1315 603; baseline 0.003 -26"><span class='ocrx_word' id='word_1_12' title='bbox 227 507 266 603; x_wconf 76' lang='grc' dir='ltr'><strong><em>ἧς</em></strong></span> <span class='ocrx_word' id='word_1_13' title='bbox 285 512 452 593; x_wconf 72' lang='grc' dir='ltr'><strong><em>ε’ξενιζοντο</em></strong></span> <span class='ocrx_word' id='word_1_14' title='bbox 473 508 585 589; x_wconf 71' lang='grc' dir='ltr'><strong><em>οἰκίας.</em></strong></span> <span class='ocrx_word' id='word_1_15' title='bbox 624 514 670 588; x_wconf 84' lang='grc' dir='ltr'><strong><em>εἷς</em></strong></span> <span class='ocrx_word' id='word_1_16' title='bbox 687 511 745 598; x_wconf 74' lang='grc' dir='ltr'><strong><em>τὴν</em></strong></span> <span class='ocrx_word' id='word_1_17' title='bbox 763 508 990 599; x_wconf 67' lang='grc' dir='ltr'><strong><em>ύστεραιλενδδ</em></strong></span> <span class='ocrx_word' id='word_1_18' title='bbox 1009 512 1175 596; x_wconf 71' lang='grc' dir='ltr'><strong><em>ἐκκλησίαν</em></strong></span> <span class='ocrx_word' id='word_1_19' title='bbox 1192 486 1229 581; x_wconf 77' lang='lat' dir='ltr'><strong><em>das</em></strong></span> <span class='ocrx_word' id='word_1_20' title='bbox 1247 517 1315 581; x_wconf 77' lang='grc' dir='ltr'><strong><em>τύν</em></strong></span> 
     </span>
     <span class='ocr_line' id='line_1_4' title="bbox 230 606 1316 698; baseline -0.001 -20"><span class='ocrx_word' id='word_1_21' title='bbox 230 610 392 698; x_wconf 78' lang='grc' dir='ltr'><strong><em>παρόντων</em></strong></span> <span class='ocrx_word' id='word_1_22' title='bbox 411 608 629 695; x_wconf 69' lang='grc' dir='ltr'><strong><em>ποιησάμενος,</em></strong></span> <span class='ocrx_word' id='word_1_23' title='bbox 664 618 863 693; x_wconf 77' lang='grc' dir='ltr'><strong><em>μετεκαλτίτο</em></strong></span> <span class='ocrx_word' id='word_1_24' title='bbox 885 609 940 676; x_wconf 82' lang='grc' dir='ltr'><strong><em>καί</em></strong></span> <span class='ocrx_word' id='word_1_25' title='bbox 958 606 1033 685; x_wconf 85' lang='grc' dir='ltr'><strong><em>τούς</em></strong></span> <span class='ocrx_word' id='word_1_26' title='bbox 1058 611 1224 695; x_wconf 74' lang='grc' dir='ltr'><strong><em>πρέσβεις,</em></strong></span> <span class='ocrx_word' id='word_1_27' title='bbox 1257 611 1316 677; x_wconf 83' lang='grc' dir='ltr'><strong><em>καί</em></strong></span> 
     </span>
     <span class='ocr_line' id='line_1_5' title="bbox 227 700 1311 798; baseline -0.001 -21"><span class='ocrx_word' id='word_1_28' title='bbox 227 714 302 798; x_wconf 80' lang='grc' dir='ltr'><strong><em>πρίν</em></strong></span> <span class='ocrx_word' id='word_1_29' title='bbox 330 704 499 793; x_wconf 83' lang='grc' dir='ltr'><strong><em>ύπολογίον</em></strong></span> <span class='ocrx_word' id='word_1_30' title='bbox 532 707 601 774; x_wconf 84' lang='grc' dir='ltr'><strong><em>τινύ</em></strong></span> <span class='ocrx_word' id='word_1_31' title='bbox 630 712 706 794; x_wconf 83' lang='grc' dir='ltr'><strong><em>περί</em></strong></span> <span class='ocrx_word' id='word_1_32' title='bbox 734 700 779 775; x_wconf 77' lang='grc' dir='ltr'><strong><em>ὧν</em></strong></span> <span class='ocrx_word' id='word_1_33' title='bbox 807 712 996 795; x_wconf 76' lang='grc' dir='ltr'><strong><em>ἐπρέσβευον</em></strong></span> <span class='ocrx_word' id='word_1_34' title='bbox 1020 707 1238 793; x_wconf 70' lang='grc' dir='ltr'><strong><em>ποιήσασθαι,</em></strong></span> <span class='ocrx_word' id='word_1_35' title='bbox 1268 709 1311 775; x_wconf 85' lang='grc' dir='ltr'><strong><em>τύ</em></strong></span> 
     </span>
     <span class='ocr_line' id='line_1_6' title="bbox 227 804 1333 897; baseline -0.005 -22"><span class='ocrx_word' id='word_1_36' title='bbox 227 813 296 875; x_wconf 80' lang='grc' dir='ltr'><strong><em>κατ’</em></strong></span> <span class='ocrx_word' id='word_1_37' title='bbox 324 804 423 874; x_wconf 82' lang='grc' dir='ltr'><strong><em>αύτόν</em></strong></span> <span class='ocrx_word' id='word_1_38' title='bbox 451 807 497 884; x_wconf 81' lang='grc' dir='ltr'><strong><em>εἰς</em></strong></span> <span class='ocrx_word' id='word_1_39' title='bbox 515 810 614 889; x_wconf 63' lang='grc' dir='ltr'><strong><em>μέσον</em></strong></span> <span class='ocrx_word' id='word_1_40' title='bbox 633 810 802 894; x_wconf 63' lang='grc' dir='ltr'><strong><em>προύτιλλει</em></strong></span> <span class='ocrx_word' id='word_1_41' title='bbox 822 809 965 897; x_wconf 77' lang='grc' dir='ltr'><strong><em>ἐρευνᾷν.</em></strong></span> <span class='ocrx_word' id='word_1_42' title='bbox 1006 809 1061 873; x_wconf 83' lang='grc' dir='ltr'><strong><em>καί</em></strong></span> <span class='ocrx_word' id='word_1_43' title='bbox 1080 804 1180 872; x_wconf 80' lang='grc' dir='ltr'><strong><em>πάντα</em></strong></span> <span class='ocrx_word' id='word_1_44' title='bbox 1202 805 1333 894; x_wconf 55' lang='lat' dir='ltr'><strong>&amp;gurd-5</strong></span> 
     </span>
     <span class='ocr_line' id='line_1_7' title="bbox 228 901 1313 995; baseline 0 -24"><span class='ocrx_word' id='word_1_45' title='bbox 228 909 298 986; x_wconf 86' lang='grc' dir='ltr'><strong><em>ζετο</em></strong></span> <span class='ocrx_word' id='word_1_46' title='bbox 323 903 401 988; x_wconf 75' lang='grc' dir='ltr'><strong><em>μετὰ</em></strong></span> <span class='ocrx_word' id='word_1_47' title='bbox 419 904 477 992; x_wconf 76' lang='grc' dir='ltr'><strong><em>τη“ν</em></strong></span> <span class='ocrx_word' id='word_1_48' title='bbox 497 909 654 987; x_wconf 76' lang='grc' dir='ltr'><strong><em>βασιλέως</em></strong></span> <span class='ocrx_word' id='word_1_49' title='bbox 673 904 831 990; x_wconf 74' lang='grc' dir='ltr'><strong><em>τελεοτὴν,</em></strong></span> <span class='ocrx_word' id='word_1_50' title='bbox 852 909 904 995; x_wconf 73' lang='grc' dir='ltr'><strong><em>ἐφ’</em></strong></span> <span class='ocrx_word' id='word_1_51' title='bbox 924 901 970 981; x_wconf 85' lang='grc' dir='ltr'><strong><em>οἷς</em></strong></span> <span class='ocrx_word' id='word_1_52' title='bbox 989 901 1191 972; x_wconf 74' lang='grc' dir='ltr'><strong><em>ἇπεδειλινυεν</em></strong></span> <span class='ocrx_word' id='word_1_53' title='bbox 1211 906 1313 972; x_wconf 85' lang='grc' dir='ltr'><strong><em>αύτύν</em></strong></span> 
     </span>
     <span class='ocr_line' id='line_1_8' title="bbox 195 1005 1313 1093; baseline 0.001 -22"><span class='ocrx_word' id='word_1_54' title='bbox 195 1007 279 1073; x_wconf 72' lang='grc' dir='ltr'><strong><em>(ἶὲαἰ</em></strong></span> <span class='ocrx_word' id='word_1_55' title='bbox 295 1009 359 1072; x_wconf 74' lang='grc' dir='ltr'><strong><em>τοῖν</em></strong></span> <span class='ocrx_word' id='word_1_56' title='bbox 378 1008 538 1092; x_wconf 76' lang='grc' dir='ltr'><strong><em>πρέσβεων</em></strong></span> <span class='ocrx_word' id='word_1_57' title='bbox 559 1005 664 1093; x_wconf 72' lang='grc' dir='ltr'><strong><em>ὀρθῶς</em></strong></span> <span class='ocrx_word' id='word_1_58' title='bbox 683 1008 740 1071; x_wconf 88' lang='grc' dir='ltr'><strong><em>καί</em></strong></span> <span class='ocrx_word' id='word_1_59' title='bbox 763 1008 892 1082; x_wconf 76' lang='grc' dir='ltr'><strong><em>δικαίους</em></strong></span> <span class='ocrx_word' id='word_1_60' title='bbox 923 1008 978 1071; x_wconf 85' lang='grc' dir='ltr'><strong><em>καί</em></strong></span> <span class='ocrx_word' id='word_1_61' title='bbox 1003 1014 1069 1081; x_wconf 73' lang='grc' dir='ltr'><strong><em>τοῖς</em></strong></span> <span class='ocrx_word' id='word_1_62' title='bbox 1093 1029 1128 1071; x_wconf 83' lang='grc' dir='ltr'><strong><em>τε</em></strong></span> <span class='ocrx_word' id='word_1_63' title='bbox 1156 1010 1313 1089; x_wconf 73' lang='grc' dir='ltr'><strong><em>βασιλέως</em></strong></span> 
     </span>
     <span class='ocr_line' id='line_1_9' title="bbox 228 1095 1312 1186; baseline 0.002 -17"><span class='ocrx_word' id='word_1_64' title='bbox 228 1103 322 1171; x_wconf 85' lang='grc' dir='ltr'><strong><em>παισί</em></strong></span> <span class='ocrx_word' id='word_1_65' title='bbox 353 1103 410 1170; x_wconf 85' lang='grc' dir='ltr'><strong><em>καί</em></strong></span> <span class='ocrx_word' id='word_1_66' title='bbox 446 1114 513 1180; x_wconf 79' lang='grc' dir='ltr'><strong><em>τοῖς</em></strong></span> <span class='ocrx_word' id='word_1_67' title='bbox 542 1095 648 1180; x_wconf 77' lang='grc' dir='ltr'><strong><em>οἴλλοις</em></strong></span> <span class='ocrx_word' id='word_1_68' title='bbox 676 1100 776 1169; x_wconf 75' lang='grc' dir='ltr'><strong><em>ἅπασι</em></strong></span> <span class='ocrx_word' id='word_1_69' title='bbox 792 1102 967 1185; x_wconf 84' lang='grc' dir='ltr'><strong><em>Ῥωμαίοις</em></strong></span> <span class='ocrx_word' id='word_1_70' title='bbox 988 1104 1126 1186; x_wconf 75' lang='grc' dir='ltr'><strong><em>μάλιστα</em></strong></span> <span class='ocrx_word' id='word_1_71' title='bbox 1146 1110 1312 1181; x_wconf 70' lang='grc' dir='ltr'><strong><em>λυσιτελῶς</em></strong></span> 
     </span>
     <span class='ocr_line' id='line_1_10' title="bbox 135 1201 1310 1291; baseline -0.002 -18"><span class='ocrx_word' id='word_1_72' title='bbox 135 1203 504 1286; x_wconf 57' lang='grc' dir='ltr'><strong><em>ῗούὸῦπιπολιτευμδνον.</em></strong></span> <span class='ocrx_word' id='word_1_73' title='bbox 543 1203 668 1268; x_wconf 70' lang='grc' dir='ltr'><strong><em>ἐκέλευέ</em></strong></span> <span class='ocrx_word' id='word_1_74' title='bbox 689 1225 723 1268; x_wconf 88' lang='grc' dir='ltr'><strong><em>τε</em></strong></span> <span class='ocrx_word' id='word_1_75' title='bbox 742 1204 798 1266; x_wconf 83' lang='grc' dir='ltr'><strong><em>καί</em></strong></span> <span class='ocrx_word' id='word_1_76' title='bbox 815 1201 890 1279; x_wconf 85' lang='grc' dir='ltr'><strong><em>τούς</em></strong></span> <span class='ocrx_word' id='word_1_77' title='bbox 907 1206 1053 1289; x_wconf 79' lang='grc' dir='ltr'><strong><em>πρέσβεις</em></strong></span> <span class='ocrx_word' id='word_1_78' title='bbox 1072 1206 1173 1283; x_wconf 80' lang='grc' dir='ltr'><strong><em>α’δειύς</em></strong></span> <span class='ocrx_word' id='word_1_79' title='bbox 1192 1210 1310 1291; x_wconf 66' lang='grc' dir='ltr'><strong><em>λέγειν,</em></strong></span> 
     </span>
     <span class='ocr_line' id='line_1_11' title="bbox 227 1296 1356 1388; baseline 0.002 -21"><span class='ocrx_word' id='word_1_80' title='bbox 227 1300 262 1369; x_wconf 85' lang='grc' dir='ltr'><strong><em>εἴ</em></strong></span> <span class='ocrx_word' id='word_1_81' title='bbox 279 1329 310 1369; x_wconf 90' lang='grc' dir='ltr'><strong><em>τι</em></strong></span> <span class='ocrx_word' id='word_1_82' title='bbox 339 1299 442 1385; x_wconf 79' lang='grc' dir='ltr'><strong><em>ἔχοιεν</em></strong></span> <span class='ocrx_word' id='word_1_83' title='bbox 461 1310 654 1387; x_wconf 85' lang='grc' dir='ltr'><strong><em>κατηγορεῖν,</em></strong></span> <span class='ocrx_word' id='word_1_84' title='bbox 677 1296 721 1376; x_wconf 80' lang='grc' dir='ltr'><strong><em>ὥς</em></strong></span> <span class='ocrx_word' id='word_1_85' title='bbox 741 1299 833 1387; x_wconf 85' lang='grc' dir='ltr'><strong><em>λόγον</em></strong></span> <span class='ocrx_word' id='word_1_86' title='bbox 852 1300 932 1388; x_wconf 72' lang='lat' dir='ltr'><strong>sinin</strong></span> <span class='ocrx_word' id='word_1_87' title='bbox 952 1300 1074 1369; x_wconf 80' lang='grc' dir='ltr'><strong><em>πάντων</em></strong></span> <span class='ocrx_word' id='word_1_88' title='bbox 1093 1300 1356 1388; x_wconf 81' lang='grc' dir='ltr'><strong><em>ποιησόμενος.ισ</em></strong></span> 
     </span>
     <span class='ocr_line' id='line_1_12' title="bbox 231 1397 1311 1485; baseline 0.003 -20"><span class='ocrx_word' id='word_1_89' title='bbox 231 1401 288 1467; x_wconf 84' lang='grc' dir='ltr'><strong><em>καί</em></strong></span> <span class='ocrx_word' id='word_1_90' title='bbox 315 1402 365 1467; x_wconf 75' lang='grc' dir='ltr'><strong><em>ἐπ’</em></strong></span> <span class='ocrx_word' id='word_1_91' title='bbox 384 1402 479 1478; x_wconf 78' lang='grc' dir='ltr'><strong><em>ε’νίοις</em></strong></span> <span class='ocrx_word' id='word_1_92' title='bbox 500 1397 722 1483; x_wconf 72' lang='grc' dir='ltr'><strong><em>ἀντιλεγόντων</em></strong></span> <span class='ocrx_word' id='word_1_93' title='bbox 743 1401 800 1465; x_wconf 85' lang='grc' dir='ltr'><strong><em>καί</em></strong></span> <span class='ocrx_word' id='word_1_94' title='bbox 821 1398 1043 1485; x_wconf 65' lang='grc' dir='ltr'><strong><em>ἐγκαλούντων,</em></strong></span> <span class='ocrx_word' id='word_1_95' title='bbox 1063 1398 1086 1468; x_wconf 75' lang='lat' dir='ltr'><strong><em>et</em></strong></span> <span class='ocrx_word' id='word_1_96' title='bbox 1105 1398 1250 1485; x_wconf 76' lang='grc' dir='ltr'><strong><em>ἐνόμιζον</em></strong></span> <span class='ocrx_word' id='word_1_97' title='bbox 1271 1404 1311 1467; x_wconf 77' lang='grc' dir='ltr'><strong><em>ἅ-</em></strong></span> 
     </span>
     <span class='ocr_line' id='line_1_13' title="bbox 230 1494 1312 1586; baseline 0.002 -22"><span class='ocrx_word' id='word_1_98' title='bbox 230 1502 346 1583; x_wconf 75' lang='grc' dir='ltr'><strong><em>δικελν,</em></strong></span> <span class='ocrx_word' id='word_1_99' title='bbox 376 1499 456 1586; x_wconf 83' lang='grc' dir='ltr'><strong><em>ύπδρ</em></strong></span> <span class='ocrx_word' id='word_1_100' title='bbox 485 1494 613 1566; x_wconf 76' lang='grc' dir='ltr'><strong><em>πάντων</em></strong></span> <span class='ocrx_word' id='word_1_101' title='bbox 631 1500 766 1564; x_wconf 72' lang='grc' dir='ltr'><strong><em>ἐποιεῖτο</em></strong></span> <span class='ocrx_word' id='word_1_102' title='bbox 786 1495 889 1584; x_wconf 89' lang='grc' dir='ltr'><strong><em>λύγον.</em></strong></span> <span class='ocrx_word' id='word_1_103' title='bbox 929 1502 1103 1583; x_wconf 77' lang='grc' dir='ltr'><strong><em>τοῦτομὲν</em></strong></span> <span class='ocrx_word' id='word_1_104' title='bbox 1130 1494 1190 1565; x_wconf 86' lang='grc' dir='ltr'><strong><em>ούν</em></strong></span> <span class='ocrx_word' id='word_1_105' title='bbox 1211 1503 1257 1577; x_wconf 76' lang='grc' dir='ltr'><strong><em>είς</em></strong></span> <span class='ocrx_word' id='word_1_106' title='bbox 1279 1504 1312 1566; x_wconf 71' lang='grc' dir='ltr'><strong><em>ὅ·</em></strong></span> 
     </span>
     <span class='ocr_line' id='line_1_14' title="bbox 227 1592 1313 1686; baseline 0.001 -21"><span class='ocrx_word' id='word_1_107' title='bbox 227 1624 303 1685; x_wconf 84' lang='grc' dir='ltr'><strong><em>κτην</em></strong></span> <span class='ocrx_word' id='word_1_108' title='bbox 316 1601 430 1686; x_wconf 75' lang='grc' dir='ltr'><strong><em>ἐφεξῆς</em></strong></span> <span class='ocrx_word' id='word_1_109' title='bbox 444 1594 563 1685; x_wconf 73' lang='grc' dir='ltr'><strong><em>ἡμέραν</em></strong></span> <span class='ocrx_word' id='word_1_110' title='bbox 579 1600 727 1683; x_wconf 73' lang='grc' dir='ltr'><strong><em>ἐτελεῖτο,</em></strong></span> <span class='ocrx_word' id='word_1_111' title='bbox 746 1600 802 1663; x_wconf 88' lang='grc' dir='ltr'><strong><em>καί</em></strong></span> <span class='ocrx_word' id='word_1_112' title='bbox 819 1597 875 1663; x_wconf 73' lang='lat' dir='ltr'><strong>deni</strong></span> <span class='ocrx_word' id='word_1_113' title='bbox 897 1601 1020 1665; x_wconf 78' lang='grc' dir='ltr'><strong><em>πολλῶν</em></strong></span> <span class='ocrx_word' id='word_1_114' title='bbox 1038 1602 1102 1665; x_wconf 77' lang='grc' dir='ltr'><strong><em>ταῖν</em></strong></span> <span class='ocrx_word' id='word_1_115' title='bbox 1121 1592 1313 1679; x_wconf 83' lang='grc' dir='ltr'><strong><em>ύποδείξεων</em></strong></span> 
     </span>
     <span class='ocr_line' id='line_1_15' title="bbox 226 1692 1312 1782; baseline -0.001 -20"><span class='ocrx_word' id='word_1_116' title='bbox 226 1699 266 1762; x_wconf 82' lang='grc' dir='ltr'><strong><em>τύ</em></strong></span> <span class='ocrx_word' id='word_1_117' title='bbox 297 1694 418 1781; x_wconf 79' lang='grc' dir='ltr'><strong><em>ἔσχατα</em></strong></span> <span class='ocrx_word' id='word_1_118' title='bbox 445 1697 634 1782; x_wconf 68' lang='grc' dir='ltr'><strong><em>ἠδικημένος</em></strong></span> <span class='ocrx_word' id='word_1_119' title='bbox 665 1692 867 1762; x_wconf 84' lang='grc' dir='ltr'><strong><em>ύαεδείκνυτο</em></strong></span> <span class='ocrx_word' id='word_1_120' title='bbox 899 1695 1110 1780; x_wconf 76' lang='grc' dir='ltr'><strong><em>ύβασιλεύς,</em></strong></span> <span class='ocrx_word' id='word_1_121' title='bbox 1142 1695 1215 1776; x_wconf 79' lang='grc' dir='ltr'><strong><em>δούξ</em></strong></span> <span class='ocrx_word' id='word_1_122' title='bbox 1236 1694 1312 1763; x_wconf 74' lang='lat' dir='ltr'><strong><em>eti</em></strong></span> 
     </span>
     <span class='ocr_line' id='line_1_16' title="bbox 227 1786 1352 1885; baseline 0.003 -26"><span class='ocrx_word' id='word_1_123' title='bbox 227 1799 327 1879; x_wconf 77' lang='grc' dir='ltr'><strong><em>μέγας</em></strong></span> <span class='ocrx_word' id='word_1_124' title='bbox 354 1794 411 1861; x_wconf 81' lang='grc' dir='ltr'><strong><em>καί</em></strong></span> <span class='ocrx_word' id='word_1_125' title='bbox 432 1792 462 1860; x_wconf 82' lang='grc' dir='ltr'><strong><em>οἷ</em></strong></span> <span class='ocrx_word' id='word_1_126' title='bbox 482 1786 573 1861; x_wconf 81' lang='grc' dir='ltr'><strong><em>ύλλοι</em></strong></span> <span class='ocrx_word' id='word_1_127' title='bbox 597 1792 628 1860; x_wconf 80' lang='grc' dir='ltr'><strong><em>οἱ</em></strong></span> <span class='ocrx_word' id='word_1_128' title='bbox 649 1792 704 1867; x_wconf 79' lang='grc' dir='ltr'><strong><em>τὸν</em></strong></span> <span class='ocrx_word' id='word_1_129' title='bbox 723 1794 860 1877; x_wconf 72' lang='grc' dir='ltr'><strong><em>πόλεμον</em></strong></span> <span class='ocrx_word' id='word_1_130' title='bbox 883 1793 1073 1879; x_wconf 86' lang='grc' dir='ltr'><strong><em>κεκινηκύτες</em></strong></span> <span class='ocrx_word' id='word_1_131' title='bbox 1093 1791 1133 1861; x_wconf 88' lang='grc' dir='ltr'><strong><em>ού</em></strong></span> <span class='ocrx_word' id='word_1_132' title='bbox 1151 1798 1352 1885; x_wconf 71' lang='grc' dir='ltr'><strong><em>συνορᾶν-15</em></strong></span> 
     </span>
     <span class='ocr_line' id='line_1_17' title="bbox 231 1889 1311 1982; baseline 0.002 -25"><span class='ocrx_word' id='word_1_133' title='bbox 231 1918 288 1957; x_wconf 88' lang='grc' dir='ltr'><strong><em>ται</em></strong></span> <span class='ocrx_word' id='word_1_134' title='bbox 306 1889 403 1975; x_wconf 83' lang='grc' dir='ltr'><strong><em>μόνον</em></strong></span> <span class='ocrx_word' id='word_1_135' title='bbox 425 1891 481 1959; x_wconf 86' lang='grc' dir='ltr'><strong><em>καί</em></strong></span> <span class='ocrx_word' id='word_1_136' title='bbox 501 1890 677 1977; x_wconf 80' lang='grc' dir='ltr'><strong><em>α’γνύμονες</em></strong></span> <span class='ocrx_word' id='word_1_137' title='bbox 702 1895 811 1968; x_wconf 81' lang='grc' dir='ltr'><strong><em>δεινῶς</em></strong></span> <span class='ocrx_word' id='word_1_138' title='bbox 831 1891 906 1978; x_wconf 87' lang='grc' dir='ltr'><strong><em>περί</em></strong></span> <span class='ocrx_word' id='word_1_139' title='bbox 924 1890 1023 1959; x_wconf 83' lang='grc' dir='ltr'><strong><em>ιιύτύν</em></strong></span> <span class='ocrx_word' id='word_1_140' title='bbox 1059 1893 1115 1961; x_wconf 82' lang='grc' dir='ltr'><strong><em>καί</em></strong></span> <span class='ocrx_word' id='word_1_141' title='bbox 1129 1894 1311 1982; x_wconf 74' lang='grc' dir='ltr'><strong><em>μοχθηρίας</em></strong></span> 
     </span>
     <span class='ocr_line' id='line_1_18' title="bbox 198 1987 1313 2081; baseline 0.004 -28"><span class='ocrx_word' id='word_1_142' title='bbox 198 1987 408 2078; x_wconf 77' lang='grc' dir='ltr'><strong><em>ὓύπερβολῆν</em></strong></span> <span class='ocrx_word' id='word_1_143' title='bbox 436 1989 645 2070; x_wconf 77' lang='grc' dir='ltr'><strong><em>ἐλλελοιπότες</em></strong></span> <span class='ocrx_word' id='word_1_144' title='bbox 676 1993 843 2075; x_wconf 80' lang='grc' dir='ltr'><strong><em>ούδεμίαν,</em></strong></span> <span class='ocrx_word' id='word_1_145' title='bbox 873 1988 953 2057; x_wconf 65' lang='lat' dir='ltr'><strong>etti</strong></span> <span class='ocrx_word' id='word_1_146' title='bbox 975 1995 1032 2059; x_wconf 84' lang='grc' dir='ltr'><strong><em>καί</em></strong></span> <span class='ocrx_word' id='word_1_147' title='bbox 1047 1997 1112 2060; x_wconf 75' lang='grc' dir='ltr'><strong><em>τοῖν</em></strong></span> <span class='ocrx_word' id='word_1_148' title='bbox 1132 1991 1238 2081; x_wconf 81' lang='grc' dir='ltr'><strong><em>φόνων</em></strong></span> <span class='ocrx_word' id='word_1_149' title='bbox 1257 1990 1313 2057; x_wconf 86' lang='grc' dir='ltr'><strong><em>καί</em></strong></span> 
     </span>
     <span class='ocr_line' id='line_1_19' title="bbox 228 2082 1311 2179; baseline 0.001 -22"><span class='ocrx_word' id='word_1_150' title='bbox 228 2094 291 2158; x_wconf 75' lang='grc' dir='ltr'><strong><em>τῶν</em></strong></span> <span class='ocrx_word' id='word_1_151' title='bbox 312 2082 577 2175; x_wconf 80' lang='grc' dir='ltr'><strong><em>ύνδραποδισμιύν</em></strong></span> <span class='ocrx_word' id='word_1_152' title='bbox 598 2090 655 2158; x_wconf 80' lang='grc' dir='ltr'><strong><em>καί</em></strong></span> <span class='ocrx_word' id='word_1_153' title='bbox 672 2095 734 2157; x_wconf 79' lang='grc' dir='ltr'><strong><em>τῶν</em></strong></span> <span class='ocrx_word' id='word_1_154' title='bbox 751 2090 896 2175; x_wconf 77' lang='grc' dir='ltr'><strong><em>μεγάλων</em></strong></span> <span class='ocrx_word' id='word_1_155' title='bbox 913 2096 1097 2179; x_wconf 74' lang='grc' dir='ltr'><strong><em>συμφορῶν,</em></strong></span> <span class='ocrx_word' id='word_1_156' title='bbox 1119 2094 1156 2159; x_wconf 68' lang='lat' dir='ltr'><strong><em>ai*</em></strong></span> <span class='ocrx_word' id='word_1_157' title='bbox 1167 2093 1311 2173; x_wconf 83' lang='grc' dir='ltr'><strong><em>Ῥωμαί·</em></strong></span> 
     </span>
     <span class='ocr_line' id='line_1_20' title="bbox 229 2187 1311 2275; baseline 0.001 -22"><span class='ocrx_word' id='word_1_158' title='bbox 229 2211 285 2266; x_wconf 90' lang='grc' dir='ltr'><strong><em>ους</em></strong></span> <span class='ocrx_word' id='word_1_159' title='bbox 304 2192 455 2274; x_wconf 76' lang='grc' dir='ltr'><strong><em>κατέσχον</em></strong></span> <span class='ocrx_word' id='word_1_160' title='bbox 484 2191 542 2257; x_wconf 74' lang='grc' dir='ltr'><strong><em>ἐπί</em></strong></span> <span class='ocrx_word' id='word_1_161' title='bbox 568 2194 631 2256; x_wconf 71' lang='grc' dir='ltr'><strong><em>ταῖν</em></strong></span> <span class='ocrx_word' id='word_1_162' title='bbox 655 2187 782 2275; x_wconf 89' lang='grc' dir='ltr'><strong><em>χρόνων</em></strong></span> <span class='ocrx_word' id='word_1_163' title='bbox 802 2194 859 2254; x_wconf 82' lang='grc' dir='ltr'><strong><em>τοῦ</em></strong></span> <span class='ocrx_word' id='word_1_164' title='bbox 879 2194 1027 2273; x_wconf 80' lang='grc' dir='ltr'><strong><em>πολέμου,</em></strong></span> <span class='ocrx_word' id='word_1_165' title='bbox 1046 2189 1183 2274; x_wconf 79' lang='grc' dir='ltr'><strong><em>μάλιστα</em></strong></span> <span class='ocrx_word' id='word_1_166' title='bbox 1204 2187 1311 2257; x_wconf 84' lang='grc' dir='ltr'><strong><em>αι’τιού-</em></strong></span> 
     </span>
     <span class='ocr_line' id='line_1_21' title="bbox 226 2282 1350 2375; baseline -0.001 -18"><span class='ocrx_word' id='word_1_167' title='bbox 226 2291 528 2375; x_wconf 76' lang='grc' dir='ltr'><strong><em>τοτοιγεγενημίνσι.</em></strong></span> <span class='ocrx_word' id='word_1_168' title='bbox 566 2285 649 2373; x_wconf 81' lang='grc' dir='ltr'><strong><em>μετὰ</em></strong></span> <span class='ocrx_word' id='word_1_169' title='bbox 667 2286 773 2374; x_wconf 77' lang='grc' dir='ltr'><strong><em>δὲτὴν</em></strong></span> <span class='ocrx_word' id='word_1_170' title='bbox 793 2293 882 2375; x_wconf 73' lang='grc' dir='ltr'><strong><em>ἕκτην</em></strong></span> <span class='ocrx_word' id='word_1_171' title='bbox 894 2286 974 2374; x_wconf 83' lang='grc' dir='ltr'><strong><em>πρὸς</em></strong></span> <span class='ocrx_word' id='word_1_172' title='bbox 994 2287 1051 2375; x_wconf 73' lang='grc' dir='ltr'><strong><em>την</em></strong></span> <span class='ocrx_word' id='word_1_173' title='bbox 1072 2282 1350 2374; x_wconf 61' lang='lat' dir='ltr'><strong>teotonem-20</strong></span> 
     </span>
     <span class='ocr_line' id='line_1_22' title="bbox 226 2381 1310 2476; baseline -0.002 -22"><span class='ocrx_word' id='word_1_174' title='bbox 226 2392 361 2455; x_wconf 73' lang='grc' dir='ltr'><strong><em>θίστατο</em></strong></span> <span class='ocrx_word' id='word_1_175' title='bbox 378 2387 436 2474; x_wconf 77' lang='grc' dir='ltr'><strong><em>την</em></strong></span> <span class='ocrx_word' id='word_1_176' title='bbox 454 2391 530 2476; x_wconf 85' lang='grc' dir='ltr'><strong><em>περί</em></strong></span> <span class='ocrx_word' id='word_1_177' title='bbox 548 2392 605 2473; x_wconf 78' lang='grc' dir='ltr'><strong><em>τῆς</em></strong></span> <span class='ocrx_word' id='word_1_178' title='bbox 625 2387 802 2473; x_wconf 72' lang='grc' dir='ltr'><strong><em>πρεσβεύεις,</em></strong></span> <span class='ocrx_word' id='word_1_179' title='bbox 823 2387 879 2454; x_wconf 82' lang='grc' dir='ltr'><strong><em>καί</em></strong></span> <span class='ocrx_word' id='word_1_180' title='bbox 899 2383 968 2453; x_wconf 76' lang='grc' dir='ltr'><strong><em>εἷπε</em></strong></span> <span class='ocrx_word' id='word_1_181' title='bbox 987 2385 1104 2453; x_wconf 81' lang='grc' dir='ltr'><strong><em>τοιοίδε.</em></strong></span> <span class='ocrx_word' id='word_1_182' title='bbox 1122 2381 1241 2470; x_wconf 80' lang='grc' dir='ltr'><strong><em>,,ούδὲν</em></strong></span> <span class='ocrx_word' id='word_1_183' title='bbox 1254 2383 1310 2452; x_wconf 87' lang='grc' dir='ltr'><strong><em>ού-</em></strong></span> 
     </span>
     <span class='ocr_line' id='line_1_23' title="bbox 229 2478 1310 2575; baseline -0.001 -21"><span class='ocrx_word' id='word_1_184' title='bbox 229 2513 275 2554; x_wconf 90' lang='grc' dir='ltr'><strong><em>τω</em></strong></span> <span class='ocrx_word' id='word_1_185' title='bbox 297 2487 354 2555; x_wconf 81' lang='grc' dir='ltr'><strong><em>καί</em></strong></span> <span class='ocrx_word' id='word_1_186' title='bbox 371 2485 464 2554; x_wconf 89' lang='grc' dir='ltr'><strong><em>πόλιν</em></strong></span> <span class='ocrx_word' id='word_1_187' title='bbox 488 2490 780 2574; x_wconf 76' lang='grc' dir='ltr'><strong><em>δημοκρατουμένην</em></strong></span> <span class='ocrx_word' id='word_1_188' title='bbox 799 2485 856 2552; x_wconf 79' lang='grc' dir='ltr'><strong><em>καί</em></strong></span> <span class='ocrx_word' id='word_1_189' title='bbox 874 2489 1038 2571; x_wconf 77' lang='grc' dir='ltr'><strong><em>βασιλείαν</em></strong></span> <span class='ocrx_word' id='word_1_190' title='bbox 1055 2482 1184 2569; x_wconf 71' lang='grc' dir='ltr'><strong><em>μάλιστ’</em></strong></span> <span class='ocrx_word' id='word_1_191' title='bbox 1197 2478 1310 2575; x_wconf 64' lang='lat' dir='ltr'><strong>‹isdo-</strong></span> 
     </span>
     <span class='ocr_line' id='line_1_24' title="bbox 230 2581 1309 2670; baseline 0 -19"><span class='ocrx_word' id='word_1_192' title='bbox 230 2583 307 2661; x_wconf 86' lang='grc' dir='ltr'><strong><em>δίως</em></strong></span> <span class='ocrx_word' id='word_1_193' title='bbox 328 2583 495 2654; x_wconf 71' lang='grc' dir='ltr'><strong><em>καταλύειν</em></strong></span> <span class='ocrx_word' id='word_1_194' title='bbox 510 2581 651 2667; x_wconf 84' lang='grc' dir='ltr'><strong><em>δύναιτο,</em></strong></span> <span class='ocrx_word' id='word_1_195' title='bbox 673 2581 716 2661; x_wconf 76' lang='grc' dir='ltr'><strong><em>ὥς</em></strong></span> <span class='ocrx_word' id='word_1_196' title='bbox 738 2585 864 2670; x_wconf 74' lang='grc' dir='ltr'><strong><em>ἀνδροῖν</em></strong></span> <span class='ocrx_word' id='word_1_197' title='bbox 884 2582 1023 2651; x_wconf 83' lang='grc' dir='ltr'><strong><em>α’πουσία</em></strong></span> <span class='ocrx_word' id='word_1_198' title='bbox 1041 2587 1177 2649; x_wconf 76' lang='grc' dir='ltr'><strong><em>συνετῶν</em></strong></span> <span class='ocrx_word' id='word_1_199' title='bbox 1197 2586 1252 2650; x_wconf 75' lang='lat' dir='ltr'><strong><em>soi</em></strong></span> <span class='ocrx_word' id='word_1_200' title='bbox 1267 2582 1309 2651; x_wconf 82' lang='grc' dir='ltr'><strong><em>τύ</em></strong></span> 
     </span>
     <span class='ocr_line' id='line_1_25' title="bbox 230 2675 1308 2774; baseline 0.001 -26"><span class='ocrx_word' id='word_1_201' title='bbox 230 2684 340 2750; x_wconf 79' lang='grc' dir='ltr'><strong><em>δέοντα</em></strong></span> <span class='ocrx_word' id='word_1_202' title='bbox 359 2686 609 2769; x_wconf 69' lang='grc' dir='ltr'><strong><em>βουλευομένων.</em></strong></span> <span class='ocrx_word' id='word_1_203' title='bbox 648 2685 756 2766; x_wconf 80' lang='grc' dir='ltr'><strong><em>εἰμὲν</em></strong></span> <span class='ocrx_word' id='word_1_204' title='bbox 774 2681 836 2772; x_wconf 86' lang='grc' dir='ltr'><strong><em>γύρ</em></strong></span> <span class='ocrx_word' id='word_1_205' title='bbox 857 2682 1006 2751; x_wconf 72' lang='grc' dir='ltr'><strong><em>τοιούτων</em></strong></span> <span class='ocrx_word' id='word_1_206' title='bbox 1027 2675 1049 2767; x_wconf 78' lang='grc' dir='ltr'><em>ἢ</em></span> <span class='ocrx_word' id='word_1_207' title='bbox 1069 2686 1202 2750; x_wconf 75' lang='grc' dir='ltr'><strong><em>πολιτῶν</em></strong></span> <span class='ocrx_word' id='word_1_208' title='bbox 1215 2683 1237 2769; x_wconf 77' lang='grc' dir='ltr'><em>ἦ</em></span> <span class='ocrx_word' id='word_1_209' title='bbox 1250 2680 1308 2774; x_wconf 73' lang='grc' dir='ltr'><strong><em>πύ-</em></strong></span> 
     </span>
    </p>
   </div>
   <div class='ocr_carea' id='block_1_3' title="bbox 223 2914 1312 4266">
    <p class='ocr_par' dir='ltr' id='par_1_3' title="bbox 230 2914 1309 2988">
     <span class='ocr_line' id='line_1_26' title="bbox 230 2914 1309 2988; baseline 0.002 -19"><span class='ocrx_word' id='word_1_210' title='bbox 230 2917 330 2969; x_wconf 85' lang='lat' dir='ltr'><strong>eitioe</strong></span> <span class='ocrx_word' id='word_1_211' title='bbox 355 2915 545 2988; x_wconf 86' lang='lat' dir='ltr'><strong>praesentibus</strong></span> <span class='ocrx_word' id='word_1_212' title='bbox 576 2917 632 2971; x_wconf 83' lang='lat' dir='ltr'><strong>suis</strong></span> <span class='ocrx_word' id='word_1_213' title='bbox 658 2924 770 2981; x_wconf 84' lang='lat' dir='ltr'><strong>coacto,</strong></span> <span class='ocrx_word' id='word_1_214' title='bbox 792 2917 895 2987; x_wconf 86' lang='lat' dir='ltr'><strong>legatos</strong></span> <span class='ocrx_word' id='word_1_215' title='bbox 917 2917 999 2970; x_wconf 80' lang='lat' dir='ltr'><strong>etiam</strong></span> <span class='ocrx_word' id='word_1_216' title='bbox 1017 2914 1146 2982; x_wconf 79' lang='lat' dir='ltr'><strong>advocat,</strong></span> <span class='ocrx_word' id='word_1_217' title='bbox 1168 2931 1201 2969; x_wconf 83' lang='lat' dir='ltr'><strong><em>ae</em></strong></span> <span class='ocrx_word' id='word_1_218' title='bbox 1217 2918 1309 2988; x_wconf 85' lang='lat' dir='ltr'><strong>prins-</strong></span> 
     </span>
    </p>

    <p class='ocr_par' dir='ltr' id='par_1_4' title="bbox 223 2986 1312 4266">
     <span class='ocr_line' id='line_1_27' title="bbox 250 2986 1309 3059; baseline 0.002 -19"><span class='ocrx_word' id='word_1_219' title='bbox 250 3005 311 3042; x_wconf 86' lang='lat' dir='ltr'><strong>uam</strong></span> <span class='ocrx_word' id='word_1_220' title='bbox 337 2990 376 3042; x_wconf 85' lang='lat' dir='ltr'><strong><em>eis</em></strong></span> <span class='ocrx_word' id='word_1_221' title='bbox 403 2988 564 3059; x_wconf 86' lang='lat' dir='ltr'><strong>respondet,</strong></span> <span class='ocrx_word' id='word_1_222' title='bbox 596 3005 703 3041; x_wconf 84' lang='lat' dir='ltr'><strong>eausam</strong></span> <span class='ocrx_word' id='word_1_223' title='bbox 723 3004 799 3041; x_wconf 85' lang='lat' dir='ltr'><strong>suom</strong></span> <span class='ocrx_word' id='word_1_224' title='bbox 818 2988 855 3039; x_wconf 85' lang='lat' dir='ltr'><strong><em>ud</em></strong></span> <span class='ocrx_word' id='word_1_225' title='bbox 873 2987 1060 3059; x_wconf 85' lang='lat' dir='ltr'><strong>quaestionem</strong></span> <span class='ocrx_word' id='word_1_226' title='bbox 1079 2986 1114 3039; x_wconf 88' lang='lat' dir='ltr'><strong><em>de</em></strong></span> <span class='ocrx_word' id='word_1_227' title='bbox 1131 3000 1164 3037; x_wconf 87' lang='lat' dir='ltr'><strong><em>ea</em></strong></span> <span class='ocrx_word' id='word_1_228' title='bbox 1182 3003 1309 3042; x_wconf 80' lang='lat' dir='ltr'><strong>exercen-</strong></span> 
     </span>
     <span class='ocr_line' id='line_1_28' title="bbox 229 3006 1308 3130; baseline 0.002 -20"><span class='ocrx_word' id='word_1_229' title='bbox 229 3006 293 3110; x_wconf 75' lang='lat' dir='ltr'><strong>dam</strong></span> <span class='ocrx_word' id='word_1_230' title='bbox 315 3059 344 3110; x_wconf 90' lang='lat' dir='ltr'><strong><em>in</em></strong></span> <span class='ocrx_word' id='word_1_231' title='bbox 362 3059 484 3111; x_wconf 88' lang='lat' dir='ltr'><strong>medium</strong></span> <span class='ocrx_word' id='word_1_232' title='bbox 502 3059 641 3128; x_wconf 84' lang='lat' dir='ltr'><strong>proponit</strong></span> <span class='ocrx_word' id='word_1_233' title='bbox 685 3060 839 3130; x_wconf 85' lang='lat' dir='ltr'><strong>inquiritur</strong></span> <span class='ocrx_word' id='word_1_234' title='bbox 855 3059 886 3109; x_wconf 84' lang='lat' dir='ltr'><strong><em>in</em></strong></span> <span class='ocrx_word' id='word_1_235' title='bbox 904 3065 962 3111; x_wconf 82' lang='lat' dir='ltr'><strong>acta</strong></span> <span class='ocrx_word' id='word_1_236' title='bbox 981 3059 1040 3110; x_wconf 85' lang='lat' dir='ltr'><strong>eius</strong></span> <span class='ocrx_word' id='word_1_237' title='bbox 1060 3056 1153 3112; x_wconf 86' lang='lat' dir='ltr'><strong>omnia</strong></span> <span class='ocrx_word' id='word_1_238' title='bbox 1171 3064 1235 3129; x_wconf 88' lang='lat' dir='ltr'><strong>post</strong></span> <span class='ocrx_word' id='word_1_239' title='bbox 1250 3058 1308 3112; x_wconf 81' lang='lat' dir='ltr'><strong><em>An·</em></strong></span> 
     </span>
     <span class='ocr_line' id='line_1_29' title="bbox 229 3127 1309 3199; baseline 0 -17"><span class='ocrx_word' id='word_1_240' title='bbox 229 3129 334 3182; x_wconf 83' lang='lat' dir='ltr'><strong>dronici</strong></span> <span class='ocrx_word' id='word_1_241' title='bbox 362 3130 533 3199; x_wconf 84' lang='lat' dir='ltr'><strong>imperatoris</strong></span> <span class='ocrx_word' id='word_1_242' title='bbox 558 3128 664 3182; x_wconf 91' lang='lat' dir='ltr'><strong>obitum</strong></span> <span class='ocrx_word' id='word_1_243' title='bbox 692 3135 721 3180; x_wconf 86' lang='lat' dir='ltr'><strong><em>et</em></strong></span> <span class='ocrx_word' id='word_1_244' title='bbox 751 3129 847 3198; x_wconf 79' lang='lat' dir='ltr'><strong>legatis</strong></span> <span class='ocrx_word' id='word_1_245' title='bbox 874 3127 1047 3193; x_wconf 73' lang='lat' dir='ltr'><strong>ostenditur,</strong></span> <span class='ocrx_word' id='word_1_246' title='bbox 1061 3127 1171 3198; x_wconf 85' lang='lat' dir='ltr'><strong>probe,</strong></span> <span class='ocrx_word' id='word_1_247' title='bbox 1190 3129 1262 3182; x_wconf 86' lang='lat' dir='ltr'><strong>iuste</strong></span> <span class='ocrx_word' id='word_1_248' title='bbox 1280 3134 1309 3182; x_wconf 80' lang='grc' dir='ltr'><strong><em>ελ</em></strong></span> 
     </span>
     <span class='ocr_line' id='line_1_30' title="bbox 229 3198 1308 3269; baseline -0.001 -18"><span class='ocrx_word' id='word_1_249' title='bbox 229 3214 290 3251; x_wconf 86' lang='lat' dir='ltr'><strong><em>eum</em></strong></span> <span class='ocrx_word' id='word_1_250' title='bbox 314 3215 418 3251; x_wconf 84' lang='lat' dir='ltr'><strong>summo</strong></span> <span class='ocrx_word' id='word_1_251' title='bbox 443 3207 501 3252; x_wconf 84' lang='lat' dir='ltr'><strong><em>tum</em></strong></span> <span class='ocrx_word' id='word_1_252' title='bbox 528 3198 647 3253; x_wconf 86' lang='lat' dir='ltr'><strong>filiorum</strong></span> <span class='ocrx_word' id='word_1_253' title='bbox 674 3200 862 3269; x_wconf 77' lang='lat' dir='ltr'><strong>imperatoris,</strong></span> <span class='ocrx_word' id='word_1_254' title='bbox 892 3207 951 3251; x_wconf 88' lang='lat' dir='ltr'><strong><em>tum</em></strong></span> <span class='ocrx_word' id='word_1_255' title='bbox 978 3198 1158 3250; x_wconf 82' lang='lat' dir='ltr'><strong>Romanorum</strong></span> <span class='ocrx_word' id='word_1_256' title='bbox 1187 3200 1308 3251; x_wconf 79' lang='lat' dir='ltr'><strong>omnium</strong></span> 
     </span>
     <span class='ocr_line' id='line_1_31' title="bbox 228 3267 1309 3390; baseline -0.001 -68"><span class='ocrx_word' id='word_1_257' title='bbox 228 3269 351 3322; x_wconf 71' lang='lat' dir='ltr'><strong>utilitate</strong></span> <span class='ocrx_word' id='word_1_258' title='bbox 375 3269 415 3322; x_wconf 86' lang='lat' dir='ltr'><strong><em>rei</em></strong></span> <span class='ocrx_word' id='word_1_259' title='bbox 433 3267 561 3340; x_wconf 87' lang='lat' dir='ltr'><strong>publicae</strong></span> <span class='ocrx_word' id='word_1_260' title='bbox 580 3269 738 3338; x_wconf 79' lang='lat' dir='ltr'><strong>praefuisse.</strong></span> <span class='ocrx_word' id='word_1_261' title='bbox 773 3267 855 3320; x_wconf 89' lang='lat' dir='ltr'><strong>iubet</strong></span> <span class='ocrx_word' id='word_1_262' title='bbox 874 3270 940 3319; x_wconf 88' lang='lat' dir='ltr'><strong>item</strong></span> <span class='ocrx_word' id='word_1_263' title='bbox 958 3284 1004 3321; x_wconf 87' lang='lat' dir='ltr'><strong><em>eos</em></strong></span> <span class='ocrx_word' id='word_1_264' title='bbox 1022 3267 1159 3335; x_wconf 80' lang='lat' dir='ltr'><strong>intrepide</strong></span> <span class='ocrx_word' id='word_1_265' title='bbox 1172 3268 1309 3390; x_wconf 76' lang='lat' dir='ltr'><strong>proferre,</strong></span> 
     </span>
     <span class='ocr_line' id='line_1_32' title="bbox 228 3337 1308 3410; baseline 0.003 -21"><span class='ocrx_word' id='word_1_266' title='bbox 228 3337 252 3389; x_wconf 86' lang='lat' dir='ltr'><strong><em>si</em></strong></span> <span class='ocrx_word' id='word_1_267' title='bbox 280 3338 350 3407; x_wconf 85' lang='lat' dir='ltr'><strong>quid</strong></span> <span class='ocrx_word' id='word_1_268' title='bbox 374 3338 515 3402; x_wconf 76' lang='lat' dir='ltr'><strong>haberent,</strong></span> <span class='ocrx_word' id='word_1_269' title='bbox 538 3339 747 3410; x_wconf 80' lang='lat' dir='ltr'><strong>reprehendere,</strong></span> <span class='ocrx_word' id='word_1_270' title='bbox 777 3348 809 3391; x_wconf 91' lang='lat' dir='ltr'><strong>ut</strong></span> <span class='ocrx_word' id='word_1_271' title='bbox 830 3339 964 3391; x_wconf 78' lang='lat' dir='ltr'><strong>rationem</strong></span> <span class='ocrx_word' id='word_1_272' title='bbox 993 3339 1115 3390; x_wconf 88' lang='lat' dir='ltr'><strong>omnium</strong></span> <span class='ocrx_word' id='word_1_273' title='bbox 1142 3354 1172 3390; x_wconf 88' lang='lat' dir='ltr'><strong><em>re</em></strong></span> <span class='ocrx_word' id='word_1_274' title='bbox 1193 3338 1308 3393; x_wconf 84' lang='lat' dir='ltr'><strong>diturus.</strong></span> 
     </span>
     <span class='ocr_line' id='line_1_33' title="bbox 227 3406 1309 3478; baseline 0.005 -21"><span class='ocrx_word' id='word_1_275' title='bbox 227 3406 286 3458; x_wconf 80' lang='lat' dir='ltr'><strong>litis</strong></span> <span class='ocrx_word' id='word_1_276' title='bbox 304 3407 437 3475; x_wconf 78' lang='lat' dir='ltr'><strong>quaedam</strong></span> <span class='ocrx_word' id='word_1_277' title='bbox 454 3408 552 3461; x_wconf 88' lang='lat' dir='ltr'><strong>borum</strong></span> <span class='ocrx_word' id='word_1_278' title='bbox 572 3415 604 3460; x_wconf 89' lang='lat' dir='ltr'><strong>ut</strong></span> <span class='ocrx_word' id='word_1_279' title='bbox 620 3411 721 3462; x_wconf 88' lang='lat' dir='ltr'><strong>iniusta</strong></span> <span class='ocrx_word' id='word_1_280' title='bbox 738 3407 946 3471; x_wconf 70' lang='lat' dir='ltr'><strong>recusantibus,</strong></span> <span class='ocrx_word' id='word_1_281' title='bbox 967 3406 1003 3460; x_wconf 81' lang='lat' dir='ltr'><strong><em>ed</em></strong></span> <span class='ocrx_word' id='word_1_282' title='bbox 1029 3407 1134 3476; x_wconf 79' lang='lat' dir='ltr'><strong>singula</strong></span> <span class='ocrx_word' id='word_1_283' title='bbox 1152 3408 1309 3478; x_wconf 78' lang='lat' dir='ltr'><strong>respondet.</strong></span> 
     </span>
     <span class='ocr_line' id='line_1_34' title="bbox 227 3474 1310 3549; baseline 0.005 -23"><span class='ocrx_word' id='word_1_284' title='bbox 227 3476 260 3526; x_wconf 86' lang='lat' dir='ltr'><strong><em>ln</em></strong></span> <span class='ocrx_word' id='word_1_285' title='bbox 291 3474 343 3527; x_wconf 87' lang='lat' dir='ltr'><strong>ista</strong></span> <span class='ocrx_word' id='word_1_286' title='bbox 369 3479 478 3530; x_wconf 81' lang='lat' dir='ltr'><strong>actione</strong></span> <span class='ocrx_word' id='word_1_287' title='bbox 502 3493 550 3530; x_wconf 81' lang='lat' dir='ltr'><strong><em>sex</em></strong></span> <span class='ocrx_word' id='word_1_288' title='bbox 575 3477 703 3548; x_wconf 88' lang='lat' dir='ltr'><strong>deinceps</strong></span> <span class='ocrx_word' id='word_1_289' title='bbox 723 3476 783 3531; x_wconf 86' lang='lat' dir='ltr'><strong>dior</strong></span> <span class='ocrx_word' id='word_1_290' title='bbox 805 3477 916 3531; x_wconf 83' lang='lat' dir='ltr'><strong>contriti</strong></span> <span class='ocrx_word' id='word_1_291' title='bbox 935 3485 1015 3541; x_wconf 86' lang='lat' dir='ltr'><strong>sunt,</strong></span> <span class='ocrx_word' id='word_1_292' title='bbox 1033 3477 1212 3549; x_wconf 77' lang='lat' dir='ltr'><strong>pluribusque</strong></span> <span class='ocrx_word' id='word_1_293' title='bbox 1229 3479 1310 3548; x_wconf 75' lang='lat' dir='ltr'><strong>sr&#39;gu·</strong></span> 
     </span>
     <span class='ocr_line' id='line_1_35' title="bbox 226 3545 1311 3618; baseline 0.004 -21"><span class='ocrx_word' id='word_1_294' title='bbox 226 3545 326 3597; x_wconf 88' lang='lat' dir='ltr'><strong>mentis</strong></span> <span class='ocrx_word' id='word_1_295' title='bbox 356 3555 385 3597; x_wconf 89' lang='lat' dir='ltr'><strong><em>et</em></strong></span> <span class='ocrx_word' id='word_1_296' title='bbox 413 3546 623 3614; x_wconf 80' lang='lat' dir='ltr'><strong>probationibus</strong></span> <span class='ocrx_word' id='word_1_297' title='bbox 642 3547 871 3610; x_wconf 81' lang='lat' dir='ltr'><strong>demonstratum,</strong></span> <span class='ocrx_word' id='word_1_298' title='bbox 888 3548 1003 3600; x_wconf 84' lang='lat' dir='ltr'><strong>iniurius</strong></span> <span class='ocrx_word' id='word_1_299' title='bbox 1020 3549 1212 3618; x_wconf 79' lang='lat' dir='ltr'><strong>imperatorem</strong></span> <span class='ocrx_word' id='word_1_300' title='bbox 1231 3565 1311 3602; x_wconf 87' lang='lat' dir='ltr'><strong>aece-</strong></span> 
     </span>
     <span class='ocr_line' id='line_1_36' title="bbox 226 3611 1309 3690; baseline 0.007 -26"><span class='ocrx_word' id='word_1_301' title='bbox 226 3615 301 3685; x_wconf 80' lang='lat' dir='ltr'><strong>pisse</strong></span> <span class='ocrx_word' id='word_1_302' title='bbox 322 3615 402 3685; x_wconf 87' lang='lat' dir='ltr'><strong>longe</strong></span> <span class='ocrx_word' id='word_1_303' title='bbox 420 3614 635 3685; x_wconf 80' lang='lat' dir='ltr'><strong>indignissimas,</strong></span> <span class='ocrx_word' id='word_1_304' title='bbox 655 3624 683 3669; x_wconf 90' lang='lat' dir='ltr'><strong><em>et</em></strong></span> <span class='ocrx_word' id='word_1_305' title='bbox 699 3634 826 3686; x_wconf 77' lang='lat' dir='ltr'><strong>magnum</strong></span> <span class='ocrx_word' id='word_1_306' title='bbox 847 3611 941 3669; x_wconf 74' lang='lat' dir='ltr'><strong>ducen&#39;r</strong></span> <span class='ocrx_word' id='word_1_307' title='bbox 960 3618 1083 3690; x_wconf 81' lang='lat' dir='ltr'><strong>aliosque</strong></span> <span class='ocrx_word' id='word_1_308' title='bbox 1111 3617 1180 3670; x_wconf 89' lang='lat' dir='ltr'><strong>belii</strong></span> <span class='ocrx_word' id='word_1_309' title='bbox 1205 3628 1309 3672; x_wconf 80' lang='lat' dir='ltr'><strong>satores</strong></span> 
     </span>
     <span class='ocr_line' id='line_1_37' title="bbox 227 3685 1308 3759; baseline 0.003 -22"><span class='ocrx_word' id='word_1_310' title='bbox 227 3701 284 3737; x_wconf 89' lang='lat' dir='ltr'><strong><em>non</em></strong></span> <span class='ocrx_word' id='word_1_311' title='bbox 303 3685 484 3755; x_wconf 82' lang='lat' dir='ltr'><strong>sycophantas</strong></span> <span class='ocrx_word' id='word_1_312' title='bbox 503 3686 591 3738; x_wconf 87' lang='lat' dir='ltr'><strong>sotum</strong></span> <span class='ocrx_word' id='word_1_313' title='bbox 620 3693 648 3738; x_wconf 88' lang='lat' dir='ltr'><strong>st</strong></span> <span class='ocrx_word' id='word_1_314' title='bbox 672 3686 702 3738; x_wconf 89' lang='lat' dir='ltr'><strong><em>in</em></strong></span> <span class='ocrx_word' id='word_1_315' title='bbox 721 3703 784 3739; x_wconf 88' lang='lat' dir='ltr'><strong><em>eum</em></strong></span> <span class='ocrx_word' id='word_1_316' title='bbox 803 3685 979 3742; x_wconf 82' lang='lat' dir='ltr'><strong>vehementer</strong></span> <span class='ocrx_word' id='word_1_317' title='bbox 996 3691 1113 3758; x_wconf 78' lang='lat' dir='ltr'><strong>ingratos</strong></span> <span class='ocrx_word' id='word_1_318' title='bbox 1131 3696 1160 3739; x_wconf 90' lang='lat' dir='ltr'><strong><em>et</em></strong></span> <span class='ocrx_word' id='word_1_319' title='bbox 1177 3697 1308 3759; x_wconf 84' lang='lat' dir='ltr'><strong>quantum</strong></span> 
     </span>
     <span class='ocr_line' id='line_1_38' title="bbox 227 3754 1307 3830; baseline 0.001 -23"><span class='ocrx_word' id='word_1_320' title='bbox 227 3754 284 3807; x_wconf 88' lang='lat' dir='ltr'><strong>diei</strong></span> <span class='ocrx_word' id='word_1_321' title='bbox 311 3771 366 3806; x_wconf 88' lang='lat' dir='ltr'><strong><em>nou</em></strong></span> <span class='ocrx_word' id='word_1_322' title='bbox 394 3763 487 3824; x_wconf 88' lang='lat' dir='ltr'><strong>potest</strong></span> <span class='ocrx_word' id='word_1_323' title='bbox 511 3756 673 3820; x_wconf 81' lang='lat' dir='ltr'><strong>sceleratos,</strong></span> <span class='ocrx_word' id='word_1_324' title='bbox 700 3757 749 3810; x_wconf 90' lang='lat' dir='ltr'><strong><em>sed</em></strong></span> <span class='ocrx_word' id='word_1_325' title='bbox 776 3756 900 3811; x_wconf 83' lang='lat' dir='ltr'><strong>caedium</strong></span> <span class='ocrx_word' id='word_1_326' title='bbox 928 3775 982 3830; x_wconf 88' lang='lat' dir='ltr'><strong><em>quo</em></strong></span> <span class='ocrx_word' id='word_1_327' title='bbox 1004 3776 1038 3810; x_wconf 90' lang='lat' dir='ltr'><strong><em>ue</em></strong></span> <span class='ocrx_word' id='word_1_328' title='bbox 1067 3766 1095 3811; x_wconf 85' lang='lat' dir='ltr'><strong>ot</strong></span> <span class='ocrx_word' id='word_1_329' title='bbox 1117 3759 1252 3811; x_wconf 83' lang='lat' dir='ltr'><strong>servitutis</strong></span> <span class='ocrx_word' id='word_1_330' title='bbox 1276 3763 1307 3808; x_wconf 89' lang='lat' dir='ltr'><strong><em>et</em></strong></span> 
     </span>
     <span class='ocr_line' id='line_1_39' title="bbox 225 3778 1306 3900; baseline 0.004 -25"><span class='ocrx_word' id='word_1_331' title='bbox 225 3839 416 3876; x_wconf 76' lang='lat' dir='ltr'><strong>aerumnarum</strong></span> <span class='ocrx_word' id='word_1_332' title='bbox 440 3826 608 3896; x_wconf 81' lang='lat' dir='ltr'><strong>ingentium,</strong></span> <span class='ocrx_word' id='word_1_333' title='bbox 632 3843 704 3900; x_wconf 85' lang='lat' dir='ltr'><strong>quse</strong></span> <span class='ocrx_word' id='word_1_334' title='bbox 734 3826 803 3879; x_wconf 87' lang='lat' dir='ltr'><strong>belii</strong></span> <span class='ocrx_word' id='word_1_335' title='bbox 831 3837 954 3898; x_wconf 86' lang='lat' dir='ltr'><strong>temporo</strong></span> <span class='ocrx_word' id='word_1_336' title='bbox 983 3778 1116 3881; x_wconf 71' lang='lat' dir='ltr'><strong>domonos</strong></span> <span class='ocrx_word' id='word_1_337' title='bbox 1148 3829 1306 3891; x_wconf 87' lang='lat' dir='ltr'><strong>obruerunt,</strong></span> 
     </span>
     <span class='ocr_line' id='line_1_40' title="bbox 223 3896 1307 3977; baseline 0.004 -30"><span class='ocrx_word' id='word_1_338' title='bbox 223 3896 338 3977; x_wconf 87' lang='lat' dir='ltr'><strong>primam</strong></span> <span class='ocrx_word' id='word_1_339' title='bbox 357 3912 462 3946; x_wconf 86' lang='lat' dir='ltr'><strong>causam</strong></span> <span class='ocrx_word' id='word_1_340' title='bbox 480 3898 626 3950; x_wconf 73' lang='lat' dir='ltr'><strong>exstitisse.</strong></span> <span class='ocrx_word' id='word_1_341' title='bbox 652 3899 716 3951; x_wconf 86' lang='lat' dir='ltr'><strong>Post</strong></span> <span class='ocrx_word' id='word_1_342' title='bbox 736 3899 809 3950; x_wconf 88' lang='lat' dir='ltr'><strong>diem</strong></span> <span class='ocrx_word' id='word_1_343' title='bbox 826 3907 930 3952; x_wconf 77' lang='lat' dir='ltr'><strong>sextum</strong></span> <span class='ocrx_word' id='word_1_344' title='bbox 950 3899 1044 3968; x_wconf 79' lang='lat' dir='ltr'><strong>legatis</strong></span> <span class='ocrx_word' id='word_1_345' title='bbox 1062 3917 1105 3953; x_wconf 89' lang='lat' dir='ltr'><strong><em>res</em></strong></span> <span class='ocrx_word' id='word_1_346' title='bbox 1127 3915 1219 3951; x_wconf 87' lang='lat' dir='ltr'><strong>onsum</strong></span> <span class='ocrx_word' id='word_1_347' title='bbox 1239 3897 1307 3950; x_wconf 84' lang='lat' dir='ltr'><strong>dare</strong></span> 
     </span>
     <span class='ocr_line' id='line_1_41' title="bbox 224 3917 1308 4040; baseline 0.004 -26"><span class='ocrx_word' id='word_1_348' title='bbox 224 3966 388 4028; x_wconf 75' lang='lat' dir='ltr'><strong>restituens,</strong></span> <span class='ocrx_word' id='word_1_349' title='bbox 415 3966 453 4016; x_wconf 81' lang='lat' dir='ltr'><strong>ita</strong></span> <span class='ocrx_word' id='word_1_350' title='bbox 479 3983 556 4018; x_wconf 86' lang='lat' dir='ltr'><strong>orsus</strong></span> <span class='ocrx_word' id='word_1_351' title='bbox 584 3976 633 4020; x_wconf 81' lang='lat' dir='ltr'><strong><em>est</em></strong></span> <span class='ocrx_word' id='word_1_352' title='bbox 675 3967 757 4021; x_wconf 77' lang='lat' dir='ltr'><strong>Nullo</strong></span> <span class='ocrx_word' id='word_1_353' title='bbox 788 3984 830 4021; x_wconf 84' lang='lat' dir='ltr'><strong><em>res</em></strong></span> <span class='ocrx_word' id='word_1_354' title='bbox 857 3976 885 4019; x_wconf 88' lang='lat' dir='ltr'><strong><em>et</em></strong></span> <span class='ocrx_word' id='word_1_355' title='bbox 912 3969 1008 4020; x_wconf 87' lang='lat' dir='ltr'><strong>urbem</strong></span> <span class='ocrx_word' id='word_1_356' title='bbox 1034 3917 1160 4040; x_wconf 71' lang='lat' dir='ltr'><strong>popudari</strong></span> <span class='ocrx_word' id='word_1_357' title='bbox 1184 3977 1308 4020; x_wconf 86' lang='lat' dir='ltr'><strong>utentem</strong></span> 
     </span>
     <span class='ocr_line' id='line_1_42' title="bbox 223 4037 1310 4108; baseline 0.002 -22"><span class='ocrx_word' id='word_1_358' title='bbox 223 4042 380 4104; x_wconf 75' lang='lat' dir='ltr'><strong>potestate,</strong></span> <span class='ocrx_word' id='word_1_359' title='bbox 403 4042 433 4085; x_wconf 87' lang='lat' dir='ltr'><strong><em>et</em></strong></span> <span class='ocrx_word' id='word_1_360' title='bbox 461 4052 491 4087; x_wconf 88' lang='lat' dir='ltr'><strong><em>re</em></strong></span> <span class='ocrx_word' id='word_1_361' title='bbox 510 4054 574 4089; x_wconf 91' lang='lat' dir='ltr'><strong>num</strong></span> <span class='ocrx_word' id='word_1_362' title='bbox 603 4053 650 4090; x_wconf 90' lang='lat' dir='ltr'><strong><em>seu</em></strong></span> <span class='ocrx_word' id='word_1_363' title='bbox 669 4039 854 4092; x_wconf 79' lang='lat' dir='ltr'><strong>monarchiam</strong></span> <span class='ocrx_word' id='word_1_364' title='bbox 872 4037 1006 4108; x_wconf 82' lang='lat' dir='ltr'><strong>imprimis</strong></span> <span class='ocrx_word' id='word_1_365' title='bbox 1025 4048 1079 4091; x_wconf 85' lang='lat' dir='ltr'><strong><em>tam</em></strong></span> <span class='ocrx_word' id='word_1_366' title='bbox 1099 4041 1180 4091; x_wconf 83' lang='lat' dir='ltr'><strong>faeiie</strong></span> <span class='ocrx_word' id='word_1_367' title='bbox 1197 4039 1310 4106; x_wconf 83' lang='lat' dir='ltr'><strong>evertit,</strong></span> 
     </span>
     <span class='ocr_line' id='line_1_43' title="bbox 225 4054 1312 4177; baseline 0.004 -21"><span class='ocrx_word' id='word_1_368' title='bbox 225 4120 305 4174; x_wconf 83' lang='lat' dir='ltr'><strong>quam</strong></span> <span class='ocrx_word' id='word_1_369' title='bbox 325 4122 340 4156; x_wconf 93' lang='lat' dir='ltr'><strong>a</strong></span> <span class='ocrx_word' id='word_1_370' title='bbox 360 4054 542 4174; x_wconf 65' lang='lat' dir='ltr'><strong>prudentibus</strong></span> <span class='ocrx_word' id='word_1_371' title='bbox 574 4114 603 4159; x_wconf 84' lang='lat' dir='ltr'><strong>ot</strong></span> <span class='ocrx_word' id='word_1_372' title='bbox 626 4108 1009 4177; x_wconf 77' lang='lat' dir='ltr'><strong>opportune&#39;eonsulentibus</strong></span> <span class='ocrx_word' id='word_1_373' title='bbox 1034 4109 1163 4161; x_wconf 83' lang='lat' dir='ltr'><strong>solitudo.</strong></span> <span class='ocrx_word' id='word_1_374' title='bbox 1199 4109 1312 4161; x_wconf 87' lang='lat' dir='ltr'><strong>Etenim</strong></span> 
     </span>
     <span class='ocr_line' id='line_1_44' title="bbox 225 4174 1312 4266; baseline 0.006 -41"><span class='ocrx_word' id='word_1_375' title='bbox 225 4176 247 4225; x_wconf 90' lang='lat' dir='ltr'><strong><em>si</em></strong></span> <span class='ocrx_word' id='word_1_376' title='bbox 272 4174 376 4229; x_wconf 84' lang='lat' dir='ltr'><strong>tatibus</strong></span> <span class='ocrx_word' id='word_1_377' title='bbox 401 4182 451 4227; x_wconf 80' lang='lat' dir='ltr'><strong>aut</strong></span> <span class='ocrx_word' id='word_1_378' title='bbox 476 4174 580 4232; x_wconf 75' lang='lat' dir='ltr'><strong>civibus</strong></span> <span class='ocrx_word' id='word_1_379' title='bbox 610 4179 722 4244; x_wconf 77' lang='lat' dir='ltr'><strong>civitas,</strong></span> <span class='ocrx_word' id='word_1_380' title='bbox 748 4186 794 4232; x_wconf 83' lang='lat' dir='ltr'><strong>aut</strong></span> <span class='ocrx_word' id='word_1_381' title='bbox 818 4178 962 4250; x_wconf 81' lang='lat' dir='ltr'><strong>praesectis</strong></span> <span class='ocrx_word' id='word_1_382' title='bbox 990 4195 1101 4249; x_wconf 81' lang='lat' dir='ltr'><strong>regnum</strong></span> <span class='ocrx_word' id='word_1_383' title='bbox 1118 4179 1312 4266; x_wconf 57' lang='lat' dir='ltr'><strong>abundaperit,</strong></span> 
     </span>
    </p>
   </div>
   <div class='ocr_carea' id='block_1_4' title="bbox 1062 4368 1079 4400">
    <p class='ocr_par' dir='ltr' id='par_1_5' title="bbox 1062 4368 1079 4400">
     <span class='ocr_line' id='line_1_45' title="bbox 1062 4368 1079 4400; baseline 0 0"><span class='ocrx_word' id='word_1_384' title='bbox 1062 4368 1079 4400; x_wconf 65' lang='grc' dir='ltr'><strong><em>ε’</em></strong></span> 
     </span>
    </p>
   </div>
   <div class='ocr_carea' id='block_1_5' title="bbox 0 0 1472 4700">
    <p class='ocr_par' dir='ltr' id='par_1_6' title="bbox 0 0 1472 4700">
     <span class='ocr_line' id='line_1_46' title="bbox 0 0 1472 4700; baseline 0 1"><span class='ocrx_word' id='word_1_385' title='bbox 0 0 1472 4700; x_wconf 95' lang='lat' dir='ltr'><strong><em> </em></strong></span> 
     </span>
    </p>
   </div>
  </div>
 </body>
</html>
